<Root>
  <ChainID>7290058140886</ChainID>
  <SubChainID>001</SubChainID>
  <StoreID>070</StoreID>
  <BikoretNo>0</BikoretNo>
  <Items>
    <Item>
      <PriceUpdateTime>2023-08-17T12:28:08.000</PriceUpdateTime>
      <ItemCode>7290000000344</ItemCode>
      <LastSaleDateTime>2026-01-28T09:18:44.000</LastSaleDateTime>
      <ItemType>1</ItemType>
      <ItemName>אפרסק פיתה</ItemName>
      <ManufactureName>לא ידוע</ManufactureName>
      <ManufactureCountry>לא ידוע</ManufactureCountry>
      <ManufactureItemDescription>אפרסק פיתה</ManufactureItemDescription>
      <UnitQty>קילוגרם</UnitQty>
      <Quantity>1.00</Quantity>
      <UnitOfMeasure>ק"ג     </UnitOfMeasure>
      <bIsWeighted>1</bIsWeighted>
      <QtyInPackage>לא ידוע</QtyInPackage>
      <ItemPrice>9.90</ItemPrice>
      <UnitOfMeasurePrice>9.90</UnitOfMeasurePrice>
      <AllowDiscount>1</AllowDiscount>
      <ItemStatus/>
    </Item>
    <Item>
      <PriceUpdateTime>2023-08-17T12:28:47.000</PriceUpdateTime>
      <ItemCode>7290000135342</ItemCode>
      <LastSaleDateTime>2026-01-28T10:18:08.000</LastSaleDateTime>
      <ItemType>1</ItemType>
      <ItemName>טמפו סודה 500 מ"ל</ItemName>
      <ManufactureName>לא ידוע</ManufactureName>
      <ManufactureCountry>לא ידוע</ManufactureCountry>
      <ManufactureItemDescription>טמפו סודה 500 מ"ל</ManufactureItemDescription>
      <UnitQty>לא ידוע</UnitQty>
      <Quantity>500.00</Quantity>
      <UnitOfMeasure>100 מ"ל</UnitOfMeasure>
      <bIsWeighted>0</bIsWeighted>
      <QtyInPackage>לא ידוע</QtyInPackage>
      <ItemPrice>2.90</ItemPrice>
      <UnitOfMeasurePrice>0.01</UnitOfMeasurePrice>
      <AllowDiscount>1</AllowDiscount>
      <ItemStatus/>
    </Item>
    <Item>
      <PriceUpdateTime>2023-08-17T12:51:20.000</PriceUpdateTime>
      <ItemCode>7290003996100</ItemCode>
      <LastSaleDateTime>2026-01-22T16:10:42.000</LastSaleDateTime>
      <ItemType>1</ItemType>
      <ItemName>עלי סלק(שקית) חסלט</ItemName>
      <ManufactureName>חסלט</ManufactureName>
      <ManufactureCountry>לא ידוע</ManufactureCountry>
      <ManufactureItemDescription>עלי סלק(שקית) חסלט</ManufactureItemDescription>
      <UnitQty>לא ידוע</UnitQty>
      <Quantity>1.00</Quantity>
      <UnitOfMeasure>יח'</UnitOfMeasure>
      <bIsWeighted>0</bIsWeighted>
      <QtyInPackage>לא ידוע</QtyInPackage>
      <ItemPrice>7.90</ItemPrice>
      <UnitOfMeasurePrice>7.90</UnitOfMeasurePrice>
      <AllowDiscount>1</AllowDiscount>
      <ItemStatus/>
    </Item>
    <Item>
      <PriceUpdateTime>2023-08-17T12:51:21.000</PriceUpdateTime>
      <ItemCode>7290003996186</ItemCode>
      <LastSaleDateTime>2026-01-22T21:11:26.000</LastSaleDateTime>
      <ItemType>1</ItemType>
      <ItemName>בזיליקום(שקית ) חסלט</ItemName>
      <ManufactureName>לא ידוע</ManufactureName>
      <ManufactureCountry>לא ידוע</ManufactureCountry>
      <ManufactureItemDescription>בזיליקום(שקית ) חסלט</ManufactureItemDescription>
      <UnitQty>לא ידוע</UnitQty>
      <Quantity>1.00</Quantity>
      <UnitOfMeasure>יח'</UnitOfMeasure>
      <bIsWeighted>0</bIsWeighted>
      <QtyInPackage>לא ידוע</QtyInPackage>
      <ItemPrice>7.90</ItemPrice>
      <UnitOfMeasurePrice>7.90</UnitOfMeasurePrice>
      <AllowDiscount>1</AllowDiscount>
      <ItemStatus/>
    </Item>
    <Item>
      <PriceUpdateTime>2023-08-17T12:55:06.000</PriceUpdateTime>
      <ItemCode>7290010650996</ItemCode>
      <LastSaleDateTime>2026-01-22T11:08:40.000</LastSaleDateTime>
      <ItemType>1</ItemType>
      <ItemName>פטריות שימג'י חוות ת</ItemName>
      <ManufactureName>לא ידוע</ManufactureName>
      <ManufactureCountry>לא ידוע</ManufactureCountry>
      <ManufactureItemDescription>פטריות שימג'י חוות ת</ManufactureItemDescription>
      <UnitQty>גרם</UnitQty>
      <Quantity>150.00</Quantity>
      <UnitOfMeasure>100 גרם</UnitOfMeasure>
      <bIsWeighted>0</bIsWeighted>
      <QtyInPackage>לא ידוע</QtyInPackage>
      <ItemPrice>9.90</ItemPrice>
      <UnitOfMeasurePrice>6.60</UnitOfMeasurePrice>
      <AllowDiscount>1</AllowDiscount>
      <ItemStatus/>
    </Item>
    <Item>
      <PriceUpdateTime>2023-08-17T13:02:08.000</PriceUpdateTime>
      <ItemCode>7290016334036</ItemCode>
      <LastSaleDateTime>2026-01-29T12:59:50.000</LastSaleDateTime>
      <ItemType>1</ItemType>
      <ItemName>עירית תקומה</ItemName>
      <ManufactureName>לא ידוע</ManufactureName>
      <ManufactureCountry>לא ידוע</ManufactureCountry>
      <ManufactureItemDescription>עירית תקומה</ManufactureItemDescription>
      <UnitQty>לא ידוע</UnitQty>
      <Quantity>1.00</Quantity>
      <UnitOfMeasure>יח'</UnitOfMeasure>
      <bIsWeighted>0</bIsWeighted>
      <QtyInPackage>לא ידוע</QtyInPackage>
      <ItemPrice>3.90</ItemPrice>
      <UnitOfMeasurePrice>3.90</UnitOfMeasurePrice>
      <AllowDiscount>1</AllowDiscount>
      <ItemStatus/>
    </Item>
    <Item>
      <PriceUpdateTime>2023-08-17T13:02:10.000</PriceUpdateTime>
      <ItemCode>7290016334487</ItemCode>
      <LastSaleDateTime>2026-01-22T19:31:12.000</LastSaleDateTime>
      <ItemType>1</ItemType>
      <ItemName>פלפל אדום יבש 100 גר</ItemName>
      <ManufactureName>ביכורי השקמה</ManufactureName>
      <ManufactureCountry>לא ידוע</ManufactureCountry>
      <ManufactureItemDescription>פלפל אדום יבש 100 גר</ManufactureItemDescription>
      <UnitQty>לא ידוע</UnitQty>
      <Quantity>1.00</Quantity>
      <UnitOfMeasure>יח'</UnitOfMeasure>
      <bIsWeighted>0</bIsWeighted>
      <QtyInPackage>לא ידוע</QtyInPackage>
      <ItemPrice>8.90</ItemPrice>
      <UnitOfMeasurePrice>8.90</UnitOfMeasurePrice>
      <AllowDiscount>1</AllowDiscount>
      <ItemStatus/>
    </Item>
    <Item>
      <PriceUpdateTime>2023-08-17T13:02:10.000</PriceUpdateTime>
      <ItemCode>7290016334562</ItemCode>
      <LastSaleDateTime>2026-01-28T11:58:08.000</LastSaleDateTime>
      <ItemType>1</ItemType>
      <ItemName>פלפל יבש חריף</ItemName>
      <ManufactureName>ביכורי השקמה</ManufactureName>
      <ManufactureCountry>לא ידוע</ManufactureCountry>
      <ManufactureItemDescription>פלפל יבש חריף</ManufactureItemDescription>
      <UnitQty>לא ידוע</UnitQty>
      <Quantity>1.00</Quantity>
      <UnitOfMeasure>יח'</UnitOfMeasure>
      <bIsWeighted>0</bIsWeighted>
      <QtyInPackage>לא ידוע</QtyInPackage>
      <ItemPrice>12.90</ItemPrice>
      <UnitOfMeasurePrice>12.90</UnitOfMeasurePrice>
      <AllowDiscount>1</AllowDiscount>
      <ItemStatus/>
    </Item>
    <Item>
      <PriceUpdateTime>2023-08-17T13:05:38.000</PriceUpdateTime>
      <ItemCode>7290018394021</ItemCode>
      <LastSaleDateTime>2026-01-22T11:08:40.000</LastSaleDateTime>
      <ItemType>1</ItemType>
      <ItemName>פטריות מלך היער</ItemName>
      <ManufactureName>לא ידוע</ManufactureName>
      <ManufactureCountry>לא ידוע</ManufactureCountry>
      <ManufactureItemDescription>פטריות מלך היער</ManufactureItemDescription>
      <UnitQty>גרם</UnitQty>
      <Quantity>160.00</Quantity>
      <UnitOfMeasure>100 גרם</UnitOfMeasure>
      <bIsWeighted>0</bIsWeighted>
      <QtyInPackage>לא ידוע</QtyInPackage>
      <ItemPrice>9.90</ItemPrice>
      <UnitOfMeasurePrice>6.19</UnitOfMeasurePrice>
      <AllowDiscount>1</AllowDiscount>
      <ItemStatus/>
    </Item>
    <Item>
      <PriceUpdateTime>2023-08-17T13:05:38.000</PriceUpdateTime>
      <ItemCode>7290018394144</ItemCode>
      <LastSaleDateTime>2026-01-22T15:19:59.000</LastSaleDateTime>
      <ItemType>1</ItemType>
      <ItemName>בצלצלי איזי שאלוט חו</ItemName>
      <ManufactureName>לא ידוע</ManufactureName>
      <ManufactureCountry>לא ידוע</ManufactureCountry>
      <ManufactureItemDescription>בצלצלי איזי שאלוט חו</ManufactureItemDescription>
      <UnitQty>גרם</UnitQty>
      <Quantity>350.00</Quantity>
      <UnitOfMeasure>100 גרם</UnitOfMeasure>
      <bIsWeighted>0</bIsWeighted>
      <QtyInPackage>לא ידוע</QtyInPackage>
      <ItemPrice>8.90</ItemPrice>
      <UnitOfMeasurePrice>2.54</UnitOfMeasurePrice>
      <AllowDiscount>1</AllowDiscount>
      <ItemStatus/>
    </Item>
    <Item>
      <PriceUpdateTime>2023-08-17T13:23:43.000</PriceUpdateTime>
      <ItemCode>7290118072850</ItemCode>
      <LastSaleDateTime>2026-01-29T09:37:04.000</LastSaleDateTime>
      <ItemType>1</ItemType>
      <ItemName>זהב צלחת 10' (20 יח'</ItemName>
      <ManufactureName>לא ידוע</ManufactureName>
      <ManufactureCountry>לא ידוע</ManufactureCountry>
      <ManufactureItemDescription>זהב צלחת 10' (20 יח'</ManufactureItemDescription>
      <UnitQty>לא ידוע</UnitQty>
      <Quantity>1.00</Quantity>
      <UnitOfMeasure>יח'</UnitOfMeasure>
      <bIsWeighted>0</bIsWeighted>
      <QtyInPackage>לא ידוע</QtyInPackage>
      <ItemPrice>8.90</ItemPrice>
      <UnitOfMeasurePrice>8.90</UnitOfMeasurePrice>
      <AllowDiscount>1</AllowDiscount>
      <ItemStatus/>
    </Item>
    <Item>
      <PriceUpdateTime>2023-09-28T10:48:43.000</PriceUpdateTime>
      <ItemCode>693493158657</ItemCode>
      <LastSaleDateTime>2026-01-29T14:59:54.000</LastSaleDateTime>
      <ItemType>1</ItemType>
      <ItemName>תפו"א גורמה</ItemName>
      <ManufactureName>לא ידוע</ManufactureName>
      <ManufactureCountry>לא ידוע</ManufactureCountry>
      <ManufactureItemDescription>תפו"א גורמה</ManufactureItemDescription>
      <UnitQty>קילוגרם</UnitQty>
      <Quantity>1.00</Quantity>
      <UnitOfMeasure>ק"ג     </UnitOfMeasure>
      <bIsWeighted>1</bIsWeighted>
      <QtyInPackage>לא ידוע</QtyInPackage>
      <ItemPrice>6.90</ItemPrice>
      <UnitOfMeasurePrice>6.90</UnitOfMeasurePrice>
      <AllowDiscount>1</AllowDiscount>
      <ItemStatus/>
    </Item>
    <Item>
      <PriceUpdateTime>2024-01-03T15:07:37.000</PriceUpdateTime>
      <ItemCode>7290018443569</ItemCode>
      <LastSaleDateTime>2026-01-29T11:14:11.000</LastSaleDateTime>
      <ItemType>1</ItemType>
      <ItemName>שעועית ירוקה 500ג</ItemName>
      <ManufactureName>לא ידוע</ManufactureName>
      <ManufactureCountry>לא ידוע</ManufactureCountry>
      <ManufactureItemDescription>שעועית ירוקה 500ג</ManufactureItemDescription>
      <UnitQty>לא ידוע</UnitQty>
      <Quantity>1.00</Quantity>
      <UnitOfMeasure>יח'</UnitOfMeasure>
      <bIsWeighted>0</bIsWeighted>
      <QtyInPackage>לא ידוע</QtyInPackage>
      <ItemPrice>14.90</ItemPrice>
      <UnitOfMeasurePrice>14.90</UnitOfMeasurePrice>
      <AllowDiscount>1</AllowDiscount>
      <ItemStatus/>
    </Item>
    <Item>
      <PriceUpdateTime>2024-03-21T09:24:23.000</PriceUpdateTime>
      <ItemCode>7350041950110</ItemCode>
      <LastSaleDateTime>2015-01-01T00:00:00.000</LastSaleDateTime>
      <ItemType>1</ItemType>
      <ItemName>ליקר שרי 700 מל</ItemName>
      <ManufactureName>לא ידוע</ManufactureName>
      <ManufactureCountry>לא ידוע</ManufactureCountry>
      <ManufactureItemDescription>ליקר שרי 700 מל</ManufactureItemDescription>
      <UnitQty>לא ידוע</UnitQty>
      <Quantity>700.00</Quantity>
      <UnitOfMeasure>100 מ"ל</UnitOfMeasure>
      <bIsWeighted>0</bIsWeighted>
      <QtyInPackage>לא ידוע</QtyInPackage>
      <ItemPrice>99.90</ItemPrice>
      <UnitOfMeasurePrice>0.14</UnitOfMeasurePrice>
      <AllowDiscount>1</AllowDiscount>
      <ItemStatus>2</ItemStatus>
    </Item>
    <Item>
      <PriceUpdateTime>2024-03-21T09:24:23.000</PriceUpdateTime>
      <ItemCode>7350041950110</ItemCode>
      <LastSaleDateTime>2015-01-01T00:00:00.000</LastSaleDateTime>
      <ItemType>1</ItemType>
      <ItemName>ליקר שרי 700 מל</ItemName>
      <ManufactureName>לא ידוע</ManufactureName>
      <ManufactureCountry>לא ידוע</ManufactureCountry>
      <ManufactureItemDescription>ליקר שרי 700 מל</ManufactureItemDescription>
      <UnitQty>לא ידוע</UnitQty>
      <Quantity>700.00</Quantity>
      <UnitOfMeasure>100 מ"ל</UnitOfMeasure>
      <bIsWeighted>0</bIsWeighted>
      <QtyInPackage>לא ידוע</QtyInPackage>
      <ItemPrice>99.90</ItemPrice>
      <UnitOfMeasurePrice>0.14</UnitOfMeasurePrice>
      <AllowDiscount>1</AllowDiscount>
      <ItemStatus/>
    </Item>
    <Item>
      <PriceUpdateTime>2024-05-21T10:15:49.000</PriceUpdateTime>
      <ItemCode>7290011018443</ItemCode>
      <LastSaleDateTime>2026-01-29T21:21:57.000</LastSaleDateTime>
      <ItemType>1</ItemType>
      <ItemName>סליק פאנטה אורנג פחי</ItemName>
      <ManufactureName>לא ידוע</ManufactureName>
      <ManufactureCountry>לא ידוע</ManufactureCountry>
      <ManufactureItemDescription>סליק פאנטה אורנג פחי</ManufactureItemDescription>
      <UnitQty>לא ידוע</UnitQty>
      <Quantity>330.00</Quantity>
      <UnitOfMeasure>100 מ"ל</UnitOfMeasure>
      <bIsWeighted>0</bIsWeighted>
      <QtyInPackage>לא ידוע</QtyInPackage>
      <ItemPrice>3.90</ItemPrice>
      <UnitOfMeasurePrice>0.01</UnitOfMeasurePrice>
      <AllowDiscount>1</AllowDiscount>
      <ItemStatus/>
    </Item>
    <Item>
      <PriceUpdateTime>2024-12-03T13:29:30.000</PriceUpdateTime>
      <ItemCode>7290119672394</ItemCode>
      <LastSaleDateTime>2026-01-22T16:20:17.000</LastSaleDateTime>
      <ItemType>1</ItemType>
      <ItemName>מלח הימלאיה דק 1 קג</ItemName>
      <ManufactureName>לא ידוע</ManufactureName>
      <ManufactureCountry>לא ידוע</ManufactureCountry>
      <ManufactureItemDescription>מלח הימלאיה דק 1 קג</ManufactureItemDescription>
      <UnitQty>קילוגרם</UnitQty>
      <Quantity>1.00</Quantity>
      <UnitOfMeasure>ק"ג     </UnitOfMeasure>
      <bIsWeighted>0</bIsWeighted>
      <QtyInPackage>לא ידוע</QtyInPackage>
      <ItemPrice>12.90</ItemPrice>
      <UnitOfMeasurePrice>12.90</UnitOfMeasurePrice>
      <AllowDiscount>1</AllowDiscount>
      <ItemStatus/>
    </Item>
    <Item>
      <PriceUpdateTime>2024-12-10T08:22:53.000</PriceUpdateTime>
      <ItemCode>7290002679066</ItemCode>
      <LastSaleDateTime>2026-01-29T18:20:02.000</LastSaleDateTime>
      <ItemType>1</ItemType>
      <ItemName>שווארמה הודו נקבה טר</ItemName>
      <ManufactureName>לא ידוע</ManufactureName>
      <ManufactureCountry>לא ידוע</ManufactureCountry>
      <ManufactureItemDescription>שווארמה הודו נקבה טר</ManufactureItemDescription>
      <UnitQty>קילוגרם</UnitQty>
      <Quantity>1.00</Quantity>
      <UnitOfMeasure>ק"ג     </UnitOfMeasure>
      <bIsWeighted>1</bIsWeighted>
      <QtyInPackage>לא ידוע</QtyInPackage>
      <ItemPrice>59.90</ItemPrice>
      <UnitOfMeasurePrice>59.90</UnitOfMeasurePrice>
      <AllowDiscount>1</AllowDiscount>
      <ItemStatus/>
    </Item>
    <Item>
      <PriceUpdateTime>2024-12-10T16:07:58.000</PriceUpdateTime>
      <ItemCode>7290008802512</ItemCode>
      <LastSaleDateTime>2026-01-29T14:47:07.000</LastSaleDateTime>
      <ItemType>1</ItemType>
      <ItemName>יין וינו אדום יקבי כ</ItemName>
      <ManufactureName>כרמל מזרחי</ManufactureName>
      <ManufactureCountry>לא ידוע</ManufactureCountry>
      <ManufactureItemDescription>יין וינו אדום יקבי כ</ManufactureItemDescription>
      <UnitQty>לא ידוע</UnitQty>
      <Quantity>750.00</Quantity>
      <UnitOfMeasure>100 מ"ל</UnitOfMeasure>
      <bIsWeighted>0</bIsWeighted>
      <QtyInPackage>לא ידוע</QtyInPackage>
      <ItemPrice>21.90</ItemPrice>
      <UnitOfMeasurePrice>0.03</UnitOfMeasurePrice>
      <AllowDiscount>1</AllowDiscount>
      <ItemStatus/>
    </Item>
    <Item>
      <PriceUpdateTime>2024-12-10T16:07:58.000</PriceUpdateTime>
      <ItemCode>7290008802529</ItemCode>
      <LastSaleDateTime>2026-01-29T12:21:40.000</LastSaleDateTime>
      <ItemType>1</ItemType>
      <ItemName>יין וינו לבן יקבי כר</ItemName>
      <ManufactureName>כרמל מזרחי</ManufactureName>
      <ManufactureCountry>לא ידוע</ManufactureCountry>
      <ManufactureItemDescription>יין וינו לבן יקבי כר</ManufactureItemDescription>
      <UnitQty>לא ידוע</UnitQty>
      <Quantity>750.00</Quantity>
      <UnitOfMeasure>100 מ"ל</UnitOfMeasure>
      <bIsWeighted>0</bIsWeighted>
      <QtyInPackage>לא ידוע</QtyInPackage>
      <ItemPrice>21.90</ItemPrice>
      <UnitOfMeasurePrice>0.03</UnitOfMeasurePrice>
      <AllowDiscount>1</AllowDiscount>
      <ItemStatus/>
    </Item>
    <Item>
      <PriceUpdateTime>2024-12-10T16:07:59.000</PriceUpdateTime>
      <ItemCode>7290017812861</ItemCode>
      <LastSaleDateTime>2026-01-29T11:41:17.000</LastSaleDateTime>
      <ItemType>1</ItemType>
      <ItemName>יין וינו לבן יקבי כר</ItemName>
      <ManufactureName>לא ידוע</ManufactureName>
      <ManufactureCountry>לא ידוע</ManufactureCountry>
      <ManufactureItemDescription>יין וינו לבן יקבי כר</ManufactureItemDescription>
      <UnitQty>לא ידוע</UnitQty>
      <Quantity>750.00</Quantity>
      <UnitOfMeasure>100 מ"ל</UnitOfMeasure>
      <bIsWeighted>0</bIsWeighted>
      <QtyInPackage>לא ידוע</QtyInPackage>
      <ItemPrice>21.90</ItemPrice>
      <UnitOfMeasurePrice>0.03</UnitOfMeasurePrice>
      <AllowDiscount>1</AllowDiscount>
      <ItemStatus/>
    </Item>
    <Item>
      <PriceUpdateTime>2024-12-11T14:32:11.000</PriceUpdateTime>
      <ItemCode>7290006439710</ItemCode>
      <LastSaleDateTime>2026-01-22T13:58:33.000</LastSaleDateTime>
      <ItemType>1</ItemType>
      <ItemName>שעועית אדומה 1ק'ג</ItemName>
      <ManufactureName>לא ידוע</ManufactureName>
      <ManufactureCountry>לא ידוע</ManufactureCountry>
      <ManufactureItemDescription>שעועית אדומה 1ק'ג</ManufactureItemDescription>
      <UnitQty>קילוגרם</UnitQty>
      <Quantity>1.00</Quantity>
      <UnitOfMeasure>ק"ג     </UnitOfMeasure>
      <bIsWeighted>0</bIsWeighted>
      <QtyInPackage>לא ידוע</QtyInPackage>
      <ItemPrice>14.90</ItemPrice>
      <UnitOfMeasurePrice>14.90</UnitOfMeasurePrice>
      <AllowDiscount>1</AllowDiscount>
      <ItemStatus/>
    </Item>
    <Item>
      <PriceUpdateTime>2024-12-12T12:44:45.000</PriceUpdateTime>
      <ItemCode>7290019056751</ItemCode>
      <LastSaleDateTime>2026-01-29T11:14:11.000</LastSaleDateTime>
      <ItemType>1</ItemType>
      <ItemName>משקה מיץ בטעם אשכולי</ItemName>
      <ManufactureName>לא ידוע</ManufactureName>
      <ManufactureCountry>לא ידוע</ManufactureCountry>
      <ManufactureItemDescription>משקה מיץ בטעם אשכולי</ManufactureItemDescription>
      <UnitQty>ליטר</UnitQty>
      <Quantity>2.00</Quantity>
      <UnitOfMeasure>ליטר    </UnitOfMeasure>
      <bIsWeighted>0</bIsWeighted>
      <QtyInPackage>לא ידוע</QtyInPackage>
      <ItemPrice>4.40</ItemPrice>
      <UnitOfMeasurePrice>2.20</UnitOfMeasurePrice>
      <AllowDiscount>1</AllowDiscount>
      <ItemStatus/>
    </Item>
    <Item>
      <PriceUpdateTime>2024-12-12T12:51:19.000</PriceUpdateTime>
      <ItemCode>4022025001752</ItemCode>
      <LastSaleDateTime>2026-01-09T11:46:29.000</LastSaleDateTime>
      <ItemType>1</ItemType>
      <ItemName>בלו נאן כשר מבעבע חצ</ItemName>
      <ManufactureName>לא ידוע</ManufactureName>
      <ManufactureCountry>לא ידוע</ManufactureCountry>
      <ManufactureItemDescription>בלו נאן כשר מבעבע חצ</ManufactureItemDescription>
      <UnitQty>מטרים</UnitQty>
      <Quantity>750.00</Quantity>
      <UnitOfMeasure>100 מ'ל</UnitOfMeasure>
      <bIsWeighted>0</bIsWeighted>
      <QtyInPackage>לא ידוע</QtyInPackage>
      <ItemPrice>49.90</ItemPrice>
      <UnitOfMeasurePrice>0.07</UnitOfMeasurePrice>
      <AllowDiscount>1</AllowDiscount>
      <ItemStatus/>
    </Item>
    <Item>
      <PriceUpdateTime>2024-12-12T13:57:20.000</PriceUpdateTime>
      <ItemCode>7290103408206</ItemCode>
      <LastSaleDateTime>2026-01-29T12:43:07.000</LastSaleDateTime>
      <ItemType>1</ItemType>
      <ItemName>עלי חסה בקופסא עם מכ</ItemName>
      <ManufactureName>שטראוס</ManufactureName>
      <ManufactureCountry>לא ידוע</ManufactureCountry>
      <ManufactureItemDescription>עלי חסה בקופסא עם מכ</ManufactureItemDescription>
      <UnitQty>גרם</UnitQty>
      <Quantity>250.00</Quantity>
      <UnitOfMeasure>100 גרם</UnitOfMeasure>
      <bIsWeighted>0</bIsWeighted>
      <QtyInPackage>לא ידוע</QtyInPackage>
      <ItemPrice>11.90</ItemPrice>
      <UnitOfMeasurePrice>4.76</UnitOfMeasurePrice>
      <AllowDiscount>1</AllowDiscount>
      <ItemStatus/>
    </Item>
    <Item>
      <PriceUpdateTime>2024-12-12T13:57:20.000</PriceUpdateTime>
      <ItemCode>7290112351524</ItemCode>
      <LastSaleDateTime>2026-01-28T19:31:43.000</LastSaleDateTime>
      <ItemType>1</ItemType>
      <ItemName>עלי סלנובה 200 גר טע</ItemName>
      <ManufactureName>לא ידוע</ManufactureName>
      <ManufactureCountry>לא ידוע</ManufactureCountry>
      <ManufactureItemDescription>עלי סלנובה 200 גר טע</ManufactureItemDescription>
      <UnitQty>גרם</UnitQty>
      <Quantity>200.00</Quantity>
      <UnitOfMeasure>100 גרם</UnitOfMeasure>
      <bIsWeighted>0</bIsWeighted>
      <QtyInPackage>לא ידוע</QtyInPackage>
      <ItemPrice>13.90</ItemPrice>
      <UnitOfMeasurePrice>6.95</UnitOfMeasurePrice>
      <AllowDiscount>1</AllowDiscount>
      <ItemStatus/>
    </Item>
    <Item>
      <PriceUpdateTime>2024-12-12T13:57:20.000</PriceUpdateTime>
      <ItemCode>7290018192023</ItemCode>
      <LastSaleDateTime>2026-01-22T11:42:46.000</LastSaleDateTime>
      <ItemType>1</ItemType>
      <ItemName>מקלות סלרי ארוז יח'</ItemName>
      <ManufactureName>לא ידוע</ManufactureName>
      <ManufactureCountry>לא ידוע</ManufactureCountry>
      <ManufactureItemDescription>מקלות סלרי ארוז יח'</ManufactureItemDescription>
      <UnitQty>גרם</UnitQty>
      <Quantity>560.00</Quantity>
      <UnitOfMeasure>100 גרם</UnitOfMeasure>
      <bIsWeighted>0</bIsWeighted>
      <QtyInPackage>לא ידוע</QtyInPackage>
      <ItemPrice>5.90</ItemPrice>
      <UnitOfMeasurePrice>1.05</UnitOfMeasurePrice>
      <AllowDiscount>1</AllowDiscount>
      <ItemStatus/>
    </Item>
    <Item>
      <PriceUpdateTime>2024-12-16T10:46:39.000</PriceUpdateTime>
      <ItemCode>4860019001414</ItemCode>
      <LastSaleDateTime>2026-01-28T16:53:49.000</LastSaleDateTime>
      <ItemType>1</ItemType>
      <ItemName>מים בורגומי 750 מ"ל</ItemName>
      <ManufactureName>לא ידוע</ManufactureName>
      <ManufactureCountry>לא ידוע</ManufactureCountry>
      <ManufactureItemDescription>מים בורגומי 750 מ"ל</ManufactureItemDescription>
      <UnitQty>מטרים</UnitQty>
      <Quantity>750.00</Quantity>
      <UnitOfMeasure>100 מ'ל</UnitOfMeasure>
      <bIsWeighted>0</bIsWeighted>
      <QtyInPackage>לא ידוע</QtyInPackage>
      <ItemPrice>8.90</ItemPrice>
      <UnitOfMeasurePrice>0.01</UnitOfMeasurePrice>
      <AllowDiscount>1</AllowDiscount>
      <ItemStatus/>
    </Item>
    <Item>
      <PriceUpdateTime>2024-12-16T10:46:39.000</PriceUpdateTime>
      <ItemCode>7290014910461</ItemCode>
      <LastSaleDateTime>2015-01-01T00:00:00.000</LastSaleDateTime>
      <ItemType>1</ItemType>
      <ItemName>ערק יהודה 700מל</ItemName>
      <ManufactureName>לא ידוע</ManufactureName>
      <ManufactureCountry>לא ידוע</ManufactureCountry>
      <ManufactureItemDescription>ערק יהודה 700מל</ManufactureItemDescription>
      <UnitQty>מטרים</UnitQty>
      <Quantity>700.00</Quantity>
      <UnitOfMeasure>100 מ'ל</UnitOfMeasure>
      <bIsWeighted>0</bIsWeighted>
      <QtyInPackage>לא ידוע</QtyInPackage>
      <ItemPrice>64.90</ItemPrice>
      <UnitOfMeasurePrice>0.09</UnitOfMeasurePrice>
      <AllowDiscount>1</AllowDiscount>
      <ItemStatus>2</ItemStatus>
    </Item>
    <Item>
      <PriceUpdateTime>2024-12-16T10:46:39.000</PriceUpdateTime>
      <ItemCode>7290014910461</ItemCode>
      <LastSaleDateTime>2015-01-01T00:00:00.000</LastSaleDateTime>
      <ItemType>1</ItemType>
      <ItemName>ערק יהודה 700מל</ItemName>
      <ManufactureName>לא ידוע</ManufactureName>
      <ManufactureCountry>לא ידוע</ManufactureCountry>
      <ManufactureItemDescription>ערק יהודה 700מל</ManufactureItemDescription>
      <UnitQty>מטרים</UnitQty>
      <Quantity>700.00</Quantity>
      <UnitOfMeasure>100 מ'ל</UnitOfMeasure>
      <bIsWeighted>0</bIsWeighted>
      <QtyInPackage>לא ידוע</QtyInPackage>
      <ItemPrice>64.90</ItemPrice>
      <UnitOfMeasurePrice>0.09</UnitOfMeasurePrice>
      <AllowDiscount>1</AllowDiscount>
      <ItemStatus/>
    </Item>
    <Item>
      <PriceUpdateTime>2024-12-18T10:30:26.000</PriceUpdateTime>
      <ItemCode>7290008670913</ItemCode>
      <LastSaleDateTime>2026-01-13T20:09:15.000</LastSaleDateTime>
      <ItemType>1</ItemType>
      <ItemName>יין רקאנטי קברנה סוב</ItemName>
      <ManufactureName>לא ידוע</ManufactureName>
      <ManufactureCountry>לא ידוע</ManufactureCountry>
      <ManufactureItemDescription>יין רקאנטי קברנה סוב</ManufactureItemDescription>
      <UnitQty>מטרים</UnitQty>
      <Quantity>750.00</Quantity>
      <UnitOfMeasure>100 מ'ל</UnitOfMeasure>
      <bIsWeighted>0</bIsWeighted>
      <QtyInPackage>לא ידוע</QtyInPackage>
      <ItemPrice>49.90</ItemPrice>
      <UnitOfMeasurePrice>0.07</UnitOfMeasurePrice>
      <AllowDiscount>1</AllowDiscount>
      <ItemStatus/>
    </Item>
    <Item>
      <PriceUpdateTime>2024-12-18T10:31:04.000</PriceUpdateTime>
      <ItemCode>7290003143139</ItemCode>
      <LastSaleDateTime>2026-01-29T20:27:41.000</LastSaleDateTime>
      <ItemType>1</ItemType>
      <ItemName>סילאן קליית גת 900 ג</ItemName>
      <ManufactureName>קליית גת</ManufactureName>
      <ManufactureCountry>לא ידוע</ManufactureCountry>
      <ManufactureItemDescription>סילאן קליית גת 900 ג</ManufactureItemDescription>
      <UnitQty>גרם</UnitQty>
      <Quantity>900.00</Quantity>
      <UnitOfMeasure>100 גרם</UnitOfMeasure>
      <bIsWeighted>0</bIsWeighted>
      <QtyInPackage>לא ידוע</QtyInPackage>
      <ItemPrice>13.70</ItemPrice>
      <UnitOfMeasurePrice>1.52</UnitOfMeasurePrice>
      <AllowDiscount>1</AllowDiscount>
      <ItemStatus/>
    </Item>
    <Item>
      <PriceUpdateTime>2024-12-18T10:31:29.000</PriceUpdateTime>
      <ItemCode>7290008670920</ItemCode>
      <LastSaleDateTime>2026-01-22T19:31:12.000</LastSaleDateTime>
      <ItemType>1</ItemType>
      <ItemName>רקאנטי גליל עליון מר</ItemName>
      <ManufactureName>לא ידוע</ManufactureName>
      <ManufactureCountry>לא ידוע</ManufactureCountry>
      <ManufactureItemDescription>רקאנטי גליל עליון מר</ManufactureItemDescription>
      <UnitQty>מטרים</UnitQty>
      <Quantity>750.00</Quantity>
      <UnitOfMeasure>100 מ'ל</UnitOfMeasure>
      <bIsWeighted>0</bIsWeighted>
      <QtyInPackage>לא ידוע</QtyInPackage>
      <ItemPrice>49.90</ItemPrice>
      <UnitOfMeasurePrice>0.07</UnitOfMeasurePrice>
      <AllowDiscount>1</AllowDiscount>
      <ItemStatus/>
    </Item>
    <Item>
      <PriceUpdateTime>2024-12-18T10:31:29.000</PriceUpdateTime>
      <ItemCode>7290008670937</ItemCode>
      <LastSaleDateTime>2026-01-29T10:26:24.000</LastSaleDateTime>
      <ItemType>1</ItemType>
      <ItemName>רקנאטי סירה 750 מל</ItemName>
      <ManufactureName>לא ידוע</ManufactureName>
      <ManufactureCountry>לא ידוע</ManufactureCountry>
      <ManufactureItemDescription>רקנאטי סירה 750 מל</ManufactureItemDescription>
      <UnitQty>מטרים</UnitQty>
      <Quantity>750.00</Quantity>
      <UnitOfMeasure>100 מ'ל</UnitOfMeasure>
      <bIsWeighted>0</bIsWeighted>
      <QtyInPackage>לא ידוע</QtyInPackage>
      <ItemPrice>49.90</ItemPrice>
      <UnitOfMeasurePrice>0.07</UnitOfMeasurePrice>
      <AllowDiscount>1</AllowDiscount>
      <ItemStatus/>
    </Item>
    <Item>
      <PriceUpdateTime>2024-12-24T11:11:57.000</PriceUpdateTime>
      <ItemCode>7298171230729</ItemCode>
      <LastSaleDateTime>2026-01-22T22:05:07.000</LastSaleDateTime>
      <ItemType>1</ItemType>
      <ItemName>רביעיית מגבונים בביש</ItemName>
      <ManufactureName>לא ידוע</ManufactureName>
      <ManufactureCountry>לא ידוע</ManufactureCountry>
      <ManufactureItemDescription>רביעיית מגבונים בביש</ManufactureItemDescription>
      <UnitQty>לא ידוע</UnitQty>
      <Quantity>1.00</Quantity>
      <UnitOfMeasure>יח'</UnitOfMeasure>
      <bIsWeighted>0</bIsWeighted>
      <QtyInPackage>לא ידוע</QtyInPackage>
      <ItemPrice>18.90</ItemPrice>
      <UnitOfMeasurePrice>18.90</UnitOfMeasurePrice>
      <AllowDiscount>1</AllowDiscount>
      <ItemStatus/>
    </Item>
    <Item>
      <PriceUpdateTime>2024-12-25T11:00:21.000</PriceUpdateTime>
      <ItemCode>7290108357219</ItemCode>
      <LastSaleDateTime>2026-01-29T16:38:06.000</LastSaleDateTime>
      <ItemType>1</ItemType>
      <ItemName>סנובון מוצק לניקוי א</ItemName>
      <ManufactureName>לא ידוע</ManufactureName>
      <ManufactureCountry>לא ידוע</ManufactureCountry>
      <ManufactureItemDescription>סנובון מוצק לניקוי א</ManufactureItemDescription>
      <UnitQty>לא ידוע</UnitQty>
      <Quantity>3.00</Quantity>
      <UnitOfMeasure>יח'</UnitOfMeasure>
      <bIsWeighted>0</bIsWeighted>
      <QtyInPackage>לא ידוע</QtyInPackage>
      <ItemPrice>14.90</ItemPrice>
      <UnitOfMeasurePrice>4.97</UnitOfMeasurePrice>
      <AllowDiscount>1</AllowDiscount>
      <ItemStatus/>
    </Item>
    <Item>
      <PriceUpdateTime>2024-12-25T11:01:16.000</PriceUpdateTime>
      <ItemCode>90087769</ItemCode>
      <LastSaleDateTime>2026-01-28T13:49:03.000</LastSaleDateTime>
      <ItemType>1</ItemType>
      <ItemName>מיץ אננס 12XHAPPY DA</ItemName>
      <ManufactureName>תומר</ManufactureName>
      <ManufactureCountry>לא ידוע</ManufactureCountry>
      <ManufactureItemDescription>מיץ אננס 12XHAPPY DA</ManufactureItemDescription>
      <UnitQty>ליטר</UnitQty>
      <Quantity>1.00</Quantity>
      <UnitOfMeasure>ליטר    </UnitOfMeasure>
      <bIsWeighted>0</bIsWeighted>
      <QtyInPackage>לא ידוע</QtyInPackage>
      <ItemPrice>10.90</ItemPrice>
      <UnitOfMeasurePrice>10.90</UnitOfMeasurePrice>
      <AllowDiscount>1</AllowDiscount>
      <ItemStatus/>
    </Item>
    <Item>
      <PriceUpdateTime>2025-01-01T08:51:59.000</PriceUpdateTime>
      <ItemCode>7290115400946</ItemCode>
      <LastSaleDateTime>2015-01-01T00:00:00.000</LastSaleDateTime>
      <ItemType>1</ItemType>
      <ItemName>עוגיות קוקוס 500 גר</ItemName>
      <ManufactureName>לא ידוע</ManufactureName>
      <ManufactureCountry>לא ידוע</ManufactureCountry>
      <ManufactureItemDescription>עוגיות קוקוס 500 גר</ManufactureItemDescription>
      <UnitQty>גרם</UnitQty>
      <Quantity>500.00</Quantity>
      <UnitOfMeasure>100 גרם</UnitOfMeasure>
      <bIsWeighted>0</bIsWeighted>
      <QtyInPackage>לא ידוע</QtyInPackage>
      <ItemPrice>14.20</ItemPrice>
      <UnitOfMeasurePrice>2.84</UnitOfMeasurePrice>
      <AllowDiscount>1</AllowDiscount>
      <ItemStatus>2</ItemStatus>
    </Item>
    <Item>
      <PriceUpdateTime>2025-01-01T08:51:59.000</PriceUpdateTime>
      <ItemCode>7290115400977</ItemCode>
      <LastSaleDateTime>2015-01-01T00:00:00.000</LastSaleDateTime>
      <ItemType>1</ItemType>
      <ItemName>עוגיות בוטנים מצופה</ItemName>
      <ManufactureName>לא ידוע</ManufactureName>
      <ManufactureCountry>לא ידוע</ManufactureCountry>
      <ManufactureItemDescription>עוגיות בוטנים מצופה</ManufactureItemDescription>
      <UnitQty>גרם</UnitQty>
      <Quantity>500.00</Quantity>
      <UnitOfMeasure>100 גרם</UnitOfMeasure>
      <bIsWeighted>0</bIsWeighted>
      <QtyInPackage>לא ידוע</QtyInPackage>
      <ItemPrice>14.20</ItemPrice>
      <UnitOfMeasurePrice>2.84</UnitOfMeasurePrice>
      <AllowDiscount>1</AllowDiscount>
      <ItemStatus>2</ItemStatus>
    </Item>
    <Item>
      <PriceUpdateTime>2025-01-01T09:07:14.000</PriceUpdateTime>
      <ItemCode>4770577201204</ItemCode>
      <LastSaleDateTime>2026-01-28T17:51:44.000</LastSaleDateTime>
      <ItemType>1</ItemType>
      <ItemName>סלק מבושל בוואקום 2*</ItemName>
      <ManufactureName>לא ידוע</ManufactureName>
      <ManufactureCountry>לא ידוע</ManufactureCountry>
      <ManufactureItemDescription>סלק מבושל בוואקום 2*</ManufactureItemDescription>
      <UnitQty>קילוגרמים</UnitQty>
      <Quantity>1.00</Quantity>
      <UnitOfMeasure>100 ק"ג</UnitOfMeasure>
      <bIsWeighted>0</bIsWeighted>
      <QtyInPackage>לא ידוע</QtyInPackage>
      <ItemPrice>10.00</ItemPrice>
      <UnitOfMeasurePrice>10.00</UnitOfMeasurePrice>
      <AllowDiscount>1</AllowDiscount>
      <ItemStatus/>
    </Item>
    <Item>
      <PriceUpdateTime>2025-01-01T09:31:07.000</PriceUpdateTime>
      <ItemCode>7290001567906</ItemCode>
      <LastSaleDateTime>2026-01-28T22:07:40.000</LastSaleDateTime>
      <ItemType>1</ItemType>
      <ItemName>פסטרמה מעודנת 200 ג</ItemName>
      <ManufactureName>מעדני  יחיעם</ManufactureName>
      <ManufactureCountry>ישראל</ManufactureCountry>
      <ManufactureItemDescription>פסטרמה מעודנת 200 ג</ManufactureItemDescription>
      <UnitQty>גרם</UnitQty>
      <Quantity>200.00</Quantity>
      <UnitOfMeasure>100 גרם</UnitOfMeasure>
      <bIsWeighted>0</bIsWeighted>
      <QtyInPackage>לא ידוע</QtyInPackage>
      <ItemPrice>14.90</ItemPrice>
      <UnitOfMeasurePrice>7.45</UnitOfMeasurePrice>
      <AllowDiscount>1</AllowDiscount>
      <ItemStatus/>
    </Item>
    <Item>
      <PriceUpdateTime>2025-01-01T09:33:04.000</PriceUpdateTime>
      <ItemCode>7290110573737</ItemCode>
      <LastSaleDateTime>2026-01-28T15:54:36.000</LastSaleDateTime>
      <ItemType>1</ItemType>
      <ItemName>דנונה סקיר בטעם תות</ItemName>
      <ManufactureName>לא ידוע</ManufactureName>
      <ManufactureCountry>לא ידוע</ManufactureCountry>
      <ManufactureItemDescription>דנונה סקיר בטעם תות</ManufactureItemDescription>
      <UnitQty>לא ידוע</UnitQty>
      <Quantity>150.00</Quantity>
      <UnitOfMeasure>100 מ"ל</UnitOfMeasure>
      <bIsWeighted>0</bIsWeighted>
      <QtyInPackage>לא ידוע</QtyInPackage>
      <ItemPrice>7.30</ItemPrice>
      <UnitOfMeasurePrice>0.05</UnitOfMeasurePrice>
      <AllowDiscount>1</AllowDiscount>
      <ItemStatus/>
    </Item>
    <Item>
      <PriceUpdateTime>2025-01-01T09:38:44.000</PriceUpdateTime>
      <ItemCode>7290109580333</ItemCode>
      <LastSaleDateTime>2026-01-22T11:47:35.000</LastSaleDateTime>
      <ItemType>1</ItemType>
      <ItemName>סלמי קוניאק רמילוי</ItemName>
      <ManufactureName>לא ידוע</ManufactureName>
      <ManufactureCountry>לא ידוע</ManufactureCountry>
      <ManufactureItemDescription>סלמי קוניאק רמילוי</ManufactureItemDescription>
      <UnitQty>לא ידוע</UnitQty>
      <Quantity>1.00</Quantity>
      <UnitOfMeasure>יח'</UnitOfMeasure>
      <bIsWeighted>0</bIsWeighted>
      <QtyInPackage>לא ידוע</QtyInPackage>
      <ItemPrice>25.20</ItemPrice>
      <UnitOfMeasurePrice>25.20</UnitOfMeasurePrice>
      <AllowDiscount>1</AllowDiscount>
      <ItemStatus/>
    </Item>
    <Item>
      <PriceUpdateTime>2025-01-01T09:44:04.000</PriceUpdateTime>
      <ItemCode>7290102304929</ItemCode>
      <LastSaleDateTime>2026-01-29T17:17:50.000</LastSaleDateTime>
      <ItemType>1</ItemType>
      <ItemName>גבינת מנצ'גו 150 גרם</ItemName>
      <ManufactureName>לא ידוע</ManufactureName>
      <ManufactureCountry>לא ידוע</ManufactureCountry>
      <ManufactureItemDescription>גבינת מנצ'גו 150 גרם</ManufactureItemDescription>
      <UnitQty>גרם</UnitQty>
      <Quantity>150.00</Quantity>
      <UnitOfMeasure>100 גרם</UnitOfMeasure>
      <bIsWeighted>0</bIsWeighted>
      <QtyInPackage>לא ידוע</QtyInPackage>
      <ItemPrice>29.20</ItemPrice>
      <UnitOfMeasurePrice>19.47</UnitOfMeasurePrice>
      <AllowDiscount>1</AllowDiscount>
      <ItemStatus/>
    </Item>
    <Item>
      <PriceUpdateTime>2025-01-01T09:47:51.000</PriceUpdateTime>
      <ItemCode>7290109640198</ItemCode>
      <LastSaleDateTime>2026-01-22T09:15:59.000</LastSaleDateTime>
      <ItemType>1</ItemType>
      <ItemName>משומשו מגורדת לפיצה</ItemName>
      <ManufactureName>לא ידוע</ManufactureName>
      <ManufactureCountry>לא ידוע</ManufactureCountry>
      <ManufactureItemDescription>משומשו מגורדת לפיצה</ManufactureItemDescription>
      <UnitQty>גרם</UnitQty>
      <Quantity>200.00</Quantity>
      <UnitOfMeasure>100 גרם</UnitOfMeasure>
      <bIsWeighted>0</bIsWeighted>
      <QtyInPackage>לא ידוע</QtyInPackage>
      <ItemPrice>19.10</ItemPrice>
      <UnitOfMeasurePrice>9.55</UnitOfMeasurePrice>
      <AllowDiscount>1</AllowDiscount>
      <ItemStatus/>
    </Item>
    <Item>
      <PriceUpdateTime>2025-01-01T10:18:25.000</PriceUpdateTime>
      <ItemCode>7297488098152</ItemCode>
      <LastSaleDateTime>2026-01-28T13:45:19.000</LastSaleDateTime>
      <ItemType>1</ItemType>
      <ItemName>קמח חומוס 500 גרם דג</ItemName>
      <ManufactureName>דגש</ManufactureName>
      <ManufactureCountry>לא ידוע</ManufactureCountry>
      <ManufactureItemDescription>קמח חומוס 500 גרם דג</ManufactureItemDescription>
      <UnitQty>גרם</UnitQty>
      <Quantity>500.00</Quantity>
      <UnitOfMeasure>100 גרם</UnitOfMeasure>
      <bIsWeighted>0</bIsWeighted>
      <QtyInPackage>לא ידוע</QtyInPackage>
      <ItemPrice>16.70</ItemPrice>
      <UnitOfMeasurePrice>3.34</UnitOfMeasurePrice>
      <AllowDiscount>1</AllowDiscount>
      <ItemStatus/>
    </Item>
    <Item>
      <PriceUpdateTime>2025-01-01T10:18:25.000</PriceUpdateTime>
      <ItemCode>7297488098220</ItemCode>
      <LastSaleDateTime>2026-01-22T15:52:40.000</LastSaleDateTime>
      <ItemType>1</ItemType>
      <ItemName>קמח תפוחי אדמה 500 ג</ItemName>
      <ManufactureName>דגש</ManufactureName>
      <ManufactureCountry>לא ידוע</ManufactureCountry>
      <ManufactureItemDescription>קמח תפוחי אדמה 500 ג</ManufactureItemDescription>
      <UnitQty>גרם</UnitQty>
      <Quantity>500.00</Quantity>
      <UnitOfMeasure>100 גרם</UnitOfMeasure>
      <bIsWeighted>0</bIsWeighted>
      <QtyInPackage>לא ידוע</QtyInPackage>
      <ItemPrice>11.90</ItemPrice>
      <UnitOfMeasurePrice>2.38</UnitOfMeasurePrice>
      <AllowDiscount>1</AllowDiscount>
      <ItemStatus/>
    </Item>
    <Item>
      <PriceUpdateTime>2025-01-01T10:20:34.000</PriceUpdateTime>
      <ItemCode>7290017040554</ItemCode>
      <LastSaleDateTime>2026-01-29T17:26:53.000</LastSaleDateTime>
      <ItemType>1</ItemType>
      <ItemName>עוגיות אישיות ללא גל</ItemName>
      <ManufactureName>לא ידוע</ManufactureName>
      <ManufactureCountry>לא ידוע</ManufactureCountry>
      <ManufactureItemDescription>עוגיות אישיות ללא גל</ManufactureItemDescription>
      <UnitQty>גרם</UnitQty>
      <Quantity>111.00</Quantity>
      <UnitOfMeasure>100 גרם</UnitOfMeasure>
      <bIsWeighted>0</bIsWeighted>
      <QtyInPackage>לא ידוע</QtyInPackage>
      <ItemPrice>20.20</ItemPrice>
      <UnitOfMeasurePrice>18.20</UnitOfMeasurePrice>
      <AllowDiscount>1</AllowDiscount>
      <ItemStatus/>
    </Item>
    <Item>
      <PriceUpdateTime>2025-01-01T10:20:34.000</PriceUpdateTime>
      <ItemCode>7290017040578</ItemCode>
      <LastSaleDateTime>2026-01-29T12:58:42.000</LastSaleDateTime>
      <ItemType>1</ItemType>
      <ItemName>עוגיות אישיות ללא גל</ItemName>
      <ManufactureName>לא ידוע</ManufactureName>
      <ManufactureCountry>לא ידוע</ManufactureCountry>
      <ManufactureItemDescription>עוגיות אישיות ללא גל</ManufactureItemDescription>
      <UnitQty>גרם</UnitQty>
      <Quantity>111.00</Quantity>
      <UnitOfMeasure>100 גרם</UnitOfMeasure>
      <bIsWeighted>0</bIsWeighted>
      <QtyInPackage>לא ידוע</QtyInPackage>
      <ItemPrice>20.20</ItemPrice>
      <UnitOfMeasurePrice>18.20</UnitOfMeasurePrice>
      <AllowDiscount>1</AllowDiscount>
      <ItemStatus/>
    </Item>
    <Item>
      <PriceUpdateTime>2025-01-01T10:20:36.000</PriceUpdateTime>
      <ItemCode>7290019310686</ItemCode>
      <LastSaleDateTime>2026-01-28T13:45:19.000</LastSaleDateTime>
      <ItemType>1</ItemType>
      <ItemName>אול אין חטיף חלבון ב</ItemName>
      <ManufactureName>לא ידוע</ManufactureName>
      <ManufactureCountry>לא ידוע</ManufactureCountry>
      <ManufactureItemDescription>אול אין חטיף חלבון ב</ManufactureItemDescription>
      <UnitQty>גרם</UnitQty>
      <Quantity>60.00</Quantity>
      <UnitOfMeasure>100 גרם</UnitOfMeasure>
      <bIsWeighted>0</bIsWeighted>
      <QtyInPackage>לא ידוע</QtyInPackage>
      <ItemPrice>13.90</ItemPrice>
      <UnitOfMeasurePrice>23.17</UnitOfMeasurePrice>
      <AllowDiscount>1</AllowDiscount>
      <ItemStatus/>
    </Item>
    <Item>
      <PriceUpdateTime>2025-01-01T10:21:32.000</PriceUpdateTime>
      <ItemCode>7290018724347</ItemCode>
      <LastSaleDateTime>2026-01-29T15:20:37.000</LastSaleDateTime>
      <ItemType>1</ItemType>
      <ItemName>תמי פירורי לחם ללא ג</ItemName>
      <ManufactureName>לא ידוע</ManufactureName>
      <ManufactureCountry>לא ידוע</ManufactureCountry>
      <ManufactureItemDescription>תמי פירורי לחם ללא ג</ManufactureItemDescription>
      <UnitQty>גרם</UnitQty>
      <Quantity>250.00</Quantity>
      <UnitOfMeasure>100 גרם</UnitOfMeasure>
      <bIsWeighted>0</bIsWeighted>
      <QtyInPackage>לא ידוע</QtyInPackage>
      <ItemPrice>16.70</ItemPrice>
      <UnitOfMeasurePrice>6.68</UnitOfMeasurePrice>
      <AllowDiscount>1</AllowDiscount>
      <ItemStatus/>
    </Item>
    <Item>
      <PriceUpdateTime>2025-01-01T10:32:05.000</PriceUpdateTime>
      <ItemCode>7290002715375</ItemCode>
      <LastSaleDateTime>2026-01-29T16:47:47.000</LastSaleDateTime>
      <ItemType>1</ItemType>
      <ItemName>קבב יווני טיבון ויל</ItemName>
      <ManufactureName>טיבון ויל</ManufactureName>
      <ManufactureCountry>לא ידוע</ManufactureCountry>
      <ManufactureItemDescription>קבב יווני טיבון ויל</ManufactureItemDescription>
      <UnitQty>גרם</UnitQty>
      <Quantity>400.00</Quantity>
      <UnitOfMeasure>100 גרם</UnitOfMeasure>
      <bIsWeighted>0</bIsWeighted>
      <QtyInPackage>לא ידוע</QtyInPackage>
      <ItemPrice>18.00</ItemPrice>
      <UnitOfMeasurePrice>4.50</UnitOfMeasurePrice>
      <AllowDiscount>1</AllowDiscount>
      <ItemStatus/>
    </Item>
    <Item>
      <PriceUpdateTime>2025-01-01T10:35:05.000</PriceUpdateTime>
      <ItemCode>7290013220592</ItemCode>
      <LastSaleDateTime>2026-01-22T14:41:57.000</LastSaleDateTime>
      <ItemType>1</ItemType>
      <ItemName>מנגו 500גר רמילוי</ItemName>
      <ManufactureName>לא ידוע</ManufactureName>
      <ManufactureCountry>לא ידוע</ManufactureCountry>
      <ManufactureItemDescription>מנגו 500גר רמילוי</ManufactureItemDescription>
      <UnitQty>גרם</UnitQty>
      <Quantity>400.00</Quantity>
      <UnitOfMeasure>100 גרם</UnitOfMeasure>
      <bIsWeighted>0</bIsWeighted>
      <QtyInPackage>לא ידוע</QtyInPackage>
      <ItemPrice>20.20</ItemPrice>
      <UnitOfMeasurePrice>5.05</UnitOfMeasurePrice>
      <AllowDiscount>1</AllowDiscount>
      <ItemStatus/>
    </Item>
    <Item>
      <PriceUpdateTime>2025-01-01T10:58:47.000</PriceUpdateTime>
      <ItemCode>7290008219679</ItemCode>
      <LastSaleDateTime>2026-01-29T20:25:29.000</LastSaleDateTime>
      <ItemType>1</ItemType>
      <ItemName>עצמות מוח קפוא מחפוד</ItemName>
      <ManufactureName>לא ידוע</ManufactureName>
      <ManufactureCountry>לא ידוע</ManufactureCountry>
      <ManufactureItemDescription>עצמות מוח קפוא מחפוד</ManufactureItemDescription>
      <UnitQty>קילוגרם</UnitQty>
      <Quantity>1.00</Quantity>
      <UnitOfMeasure>ק"ג     </UnitOfMeasure>
      <bIsWeighted>1</bIsWeighted>
      <QtyInPackage>לא ידוע</QtyInPackage>
      <ItemPrice>70.70</ItemPrice>
      <UnitOfMeasurePrice>70.70</UnitOfMeasurePrice>
      <AllowDiscount>1</AllowDiscount>
      <ItemStatus/>
    </Item>
    <Item>
      <PriceUpdateTime>2025-01-01T11:06:33.000</PriceUpdateTime>
      <ItemCode>7290017040318</ItemCode>
      <LastSaleDateTime>2015-01-01T00:00:00.000</LastSaleDateTime>
      <ItemType>1</ItemType>
      <ItemName>פיצה מרגריטה 330ג לל</ItemName>
      <ManufactureName>לא ידוע</ManufactureName>
      <ManufactureCountry>לא ידוע</ManufactureCountry>
      <ManufactureItemDescription>פיצה מרגריטה 330ג לל</ManufactureItemDescription>
      <UnitQty>גרם</UnitQty>
      <Quantity>330.00</Quantity>
      <UnitOfMeasure>100 גרם</UnitOfMeasure>
      <bIsWeighted>0</bIsWeighted>
      <QtyInPackage>לא ידוע</QtyInPackage>
      <ItemPrice>29.20</ItemPrice>
      <UnitOfMeasurePrice>8.85</UnitOfMeasurePrice>
      <AllowDiscount>1</AllowDiscount>
      <ItemStatus>2</ItemStatus>
    </Item>
    <Item>
      <PriceUpdateTime>2025-01-01T11:06:49.000</PriceUpdateTime>
      <ItemCode>7290015834445</ItemCode>
      <LastSaleDateTime>2026-01-29T19:26:12.000</LastSaleDateTime>
      <ItemType>1</ItemType>
      <ItemName>ציפס סטיק רמי לוי 2</ItemName>
      <ManufactureName>קפוא-זן</ManufactureName>
      <ManufactureCountry>בלגיה</ManufactureCountry>
      <ManufactureItemDescription>ציפס סטיק רמי לוי 2</ManufactureItemDescription>
      <UnitQty>קילוגרם</UnitQty>
      <Quantity>2.00</Quantity>
      <UnitOfMeasure>ק"ג     </UnitOfMeasure>
      <bIsWeighted>0</bIsWeighted>
      <QtyInPackage>לא ידוע</QtyInPackage>
      <ItemPrice>29.20</ItemPrice>
      <UnitOfMeasurePrice>14.60</UnitOfMeasurePrice>
      <AllowDiscount>1</AllowDiscount>
      <ItemStatus/>
    </Item>
    <Item>
      <PriceUpdateTime>2025-01-01T11:06:49.000</PriceUpdateTime>
      <ItemCode>7290016273182</ItemCode>
      <LastSaleDateTime>2026-01-29T17:58:35.000</LastSaleDateTime>
      <ItemType>1</ItemType>
      <ItemName>ציפס אמריקאי 1.5 ק"ג</ItemName>
      <ManufactureName>לא ידוע</ManufactureName>
      <ManufactureCountry>לא ידוע</ManufactureCountry>
      <ManufactureItemDescription>ציפס אמריקאי 1.5 ק"ג</ManufactureItemDescription>
      <UnitQty>קילוגרם</UnitQty>
      <Quantity>1.50</Quantity>
      <UnitOfMeasure>ק"ג     </UnitOfMeasure>
      <bIsWeighted>0</bIsWeighted>
      <QtyInPackage>לא ידוע</QtyInPackage>
      <ItemPrice>22.20</ItemPrice>
      <UnitOfMeasurePrice>14.80</UnitOfMeasurePrice>
      <AllowDiscount>1</AllowDiscount>
      <ItemStatus/>
    </Item>
    <Item>
      <PriceUpdateTime>2025-01-01T11:06:50.000</PriceUpdateTime>
      <ItemCode>7290018564011</ItemCode>
      <LastSaleDateTime>2026-01-29T22:37:04.000</LastSaleDateTime>
      <ItemType>1</ItemType>
      <ItemName>אפונת גינה רמילוי 80</ItemName>
      <ManufactureName>לא ידוע</ManufactureName>
      <ManufactureCountry>לא ידוע</ManufactureCountry>
      <ManufactureItemDescription>אפונת גינה רמילוי 80</ManufactureItemDescription>
      <UnitQty>גרם</UnitQty>
      <Quantity>800.00</Quantity>
      <UnitOfMeasure>100 גרם</UnitOfMeasure>
      <bIsWeighted>0</bIsWeighted>
      <QtyInPackage>לא ידוע</QtyInPackage>
      <ItemPrice>11.10</ItemPrice>
      <UnitOfMeasurePrice>1.39</UnitOfMeasurePrice>
      <AllowDiscount>1</AllowDiscount>
      <ItemStatus/>
    </Item>
    <Item>
      <PriceUpdateTime>2025-01-01T11:06:50.000</PriceUpdateTime>
      <ItemCode>7290018564028</ItemCode>
      <LastSaleDateTime>2026-01-29T21:34:04.000</LastSaleDateTime>
      <ItemType>1</ItemType>
      <ItemName>אפונה עדינה 600ג רמי</ItemName>
      <ManufactureName>לא ידוע</ManufactureName>
      <ManufactureCountry>לא ידוע</ManufactureCountry>
      <ManufactureItemDescription>אפונה עדינה 600ג רמי</ManufactureItemDescription>
      <UnitQty>גרם</UnitQty>
      <Quantity>600.00</Quantity>
      <UnitOfMeasure>100 גרם</UnitOfMeasure>
      <bIsWeighted>0</bIsWeighted>
      <QtyInPackage>לא ידוע</QtyInPackage>
      <ItemPrice>10.00</ItemPrice>
      <UnitOfMeasurePrice>1.67</UnitOfMeasurePrice>
      <AllowDiscount>1</AllowDiscount>
      <ItemStatus/>
    </Item>
    <Item>
      <PriceUpdateTime>2025-01-01T11:06:50.000</PriceUpdateTime>
      <ItemCode>7290018564059</ItemCode>
      <LastSaleDateTime>2026-01-29T15:43:19.000</LastSaleDateTime>
      <ItemType>1</ItemType>
      <ItemName>שעועית ירוקה שלמה עד</ItemName>
      <ManufactureName>לא ידוע</ManufactureName>
      <ManufactureCountry>לא ידוע</ManufactureCountry>
      <ManufactureItemDescription>שעועית ירוקה שלמה עד</ManufactureItemDescription>
      <UnitQty>גרם</UnitQty>
      <Quantity>600.00</Quantity>
      <UnitOfMeasure>100 גרם</UnitOfMeasure>
      <bIsWeighted>0</bIsWeighted>
      <QtyInPackage>לא ידוע</QtyInPackage>
      <ItemPrice>10.00</ItemPrice>
      <UnitOfMeasurePrice>1.67</UnitOfMeasurePrice>
      <AllowDiscount>1</AllowDiscount>
      <ItemStatus/>
    </Item>
    <Item>
      <PriceUpdateTime>2025-01-01T11:06:51.000</PriceUpdateTime>
      <ItemCode>7290018564172</ItemCode>
      <LastSaleDateTime>2026-01-29T21:37:37.000</LastSaleDateTime>
      <ItemType>1</ItemType>
      <ItemName>ברוקולי 800גר רמי לו</ItemName>
      <ManufactureName>לא ידוע</ManufactureName>
      <ManufactureCountry>לא ידוע</ManufactureCountry>
      <ManufactureItemDescription>ברוקולי 800גר רמי לו</ManufactureItemDescription>
      <UnitQty>גרם</UnitQty>
      <Quantity>800.00</Quantity>
      <UnitOfMeasure>100 גרם</UnitOfMeasure>
      <bIsWeighted>0</bIsWeighted>
      <QtyInPackage>לא ידוע</QtyInPackage>
      <ItemPrice>14.10</ItemPrice>
      <UnitOfMeasurePrice>1.76</UnitOfMeasurePrice>
      <AllowDiscount>1</AllowDiscount>
      <ItemStatus/>
    </Item>
    <Item>
      <PriceUpdateTime>2025-01-01T11:06:51.000</PriceUpdateTime>
      <ItemCode>7290018564196</ItemCode>
      <LastSaleDateTime>2026-01-29T22:39:42.000</LastSaleDateTime>
      <ItemType>1</ItemType>
      <ItemName>שעועית ירוקה חתוכה 8</ItemName>
      <ManufactureName>לא ידוע</ManufactureName>
      <ManufactureCountry>לא ידוע</ManufactureCountry>
      <ManufactureItemDescription>שעועית ירוקה חתוכה 8</ManufactureItemDescription>
      <UnitQty>גרם</UnitQty>
      <Quantity>800.00</Quantity>
      <UnitOfMeasure>100 גרם</UnitOfMeasure>
      <bIsWeighted>0</bIsWeighted>
      <QtyInPackage>לא ידוע</QtyInPackage>
      <ItemPrice>10.00</ItemPrice>
      <UnitOfMeasurePrice>1.25</UnitOfMeasurePrice>
      <AllowDiscount>1</AllowDiscount>
      <ItemStatus/>
    </Item>
    <Item>
      <PriceUpdateTime>2025-01-01T11:06:52.000</PriceUpdateTime>
      <ItemCode>7290019308669</ItemCode>
      <LastSaleDateTime>2026-01-29T19:33:36.000</LastSaleDateTime>
      <ItemType>1</ItemType>
      <ItemName>גרגירי חומוס 800 גרם</ItemName>
      <ManufactureName>לא ידוע</ManufactureName>
      <ManufactureCountry>לא ידוע</ManufactureCountry>
      <ManufactureItemDescription>גרגירי חומוס 800 גרם</ManufactureItemDescription>
      <UnitQty>גרם</UnitQty>
      <Quantity>800.00</Quantity>
      <UnitOfMeasure>100 גרם</UnitOfMeasure>
      <bIsWeighted>0</bIsWeighted>
      <QtyInPackage>לא ידוע</QtyInPackage>
      <ItemPrice>10.00</ItemPrice>
      <UnitOfMeasurePrice>1.25</UnitOfMeasurePrice>
      <AllowDiscount>1</AllowDiscount>
      <ItemStatus/>
    </Item>
    <Item>
      <PriceUpdateTime>2025-01-01T11:12:30.000</PriceUpdateTime>
      <ItemCode>7290010002207</ItemCode>
      <LastSaleDateTime>2026-01-22T18:35:10.000</LastSaleDateTime>
      <ItemType>1</ItemType>
      <ItemName>תבלין קינמון טחון תב</ItemName>
      <ManufactureName>תבליני מימון</ManufactureName>
      <ManufactureCountry>ישראל</ManufactureCountry>
      <ManufactureItemDescription>קינמון טחון 100 גרם</ManufactureItemDescription>
      <UnitQty>גרם</UnitQty>
      <Quantity>100.00</Quantity>
      <UnitOfMeasure>100 גרם</UnitOfMeasure>
      <bIsWeighted>0</bIsWeighted>
      <QtyInPackage>לא ידוע</QtyInPackage>
      <ItemPrice>10.50</ItemPrice>
      <UnitOfMeasurePrice>10.50</UnitOfMeasurePrice>
      <AllowDiscount>1</AllowDiscount>
      <ItemStatus/>
    </Item>
    <Item>
      <PriceUpdateTime>2025-01-01T11:12:37.000</PriceUpdateTime>
      <ItemCode>7290013145246</ItemCode>
      <LastSaleDateTime>2026-01-28T21:47:52.000</LastSaleDateTime>
      <ItemType>1</ItemType>
      <ItemName>גרעין חמניה מקולף מי</ItemName>
      <ManufactureName>מימונס</ManufactureName>
      <ManufactureCountry>ישראל</ManufactureCountry>
      <ManufactureItemDescription>גרעין חמנייה מקולף</ManufactureItemDescription>
      <UnitQty>גרם</UnitQty>
      <Quantity>100.00</Quantity>
      <UnitOfMeasure>100 גרם</UnitOfMeasure>
      <bIsWeighted>0</bIsWeighted>
      <QtyInPackage>לא ידוע</QtyInPackage>
      <ItemPrice>5.60</ItemPrice>
      <UnitOfMeasurePrice>5.60</UnitOfMeasurePrice>
      <AllowDiscount>1</AllowDiscount>
      <ItemStatus/>
    </Item>
    <Item>
      <PriceUpdateTime>2025-01-01T11:12:37.000</PriceUpdateTime>
      <ItemCode>7290013145406</ItemCode>
      <LastSaleDateTime>2026-01-29T19:43:00.000</LastSaleDateTime>
      <ItemType>1</ItemType>
      <ItemName>שוקולד צ'יפס לבן מיי</ItemName>
      <ManufactureName>אינטרגטה</ManufactureName>
      <ManufactureCountry>ישראל</ManufactureCountry>
      <ManufactureItemDescription>שוקולד צ'יפס לבן</ManufactureItemDescription>
      <UnitQty>גרם</UnitQty>
      <Quantity>250.00</Quantity>
      <UnitOfMeasure>100 גרם</UnitOfMeasure>
      <bIsWeighted>0</bIsWeighted>
      <QtyInPackage>לא ידוע</QtyInPackage>
      <ItemPrice>13.00</ItemPrice>
      <UnitOfMeasurePrice>5.20</UnitOfMeasurePrice>
      <AllowDiscount>1</AllowDiscount>
      <ItemStatus/>
    </Item>
    <Item>
      <PriceUpdateTime>2025-01-01T11:12:39.000</PriceUpdateTime>
      <ItemCode>7290013145949</ItemCode>
      <LastSaleDateTime>2026-01-29T18:12:13.000</LastSaleDateTime>
      <ItemType>1</ItemType>
      <ItemName>מיימונס אבקת סוכר 25</ItemName>
      <ManufactureName>מימונס</ManufactureName>
      <ManufactureCountry>ישראל</ManufactureCountry>
      <ManufactureItemDescription>אבקת סוכר פטנט 250גרם</ManufactureItemDescription>
      <UnitQty>גרם</UnitQty>
      <Quantity>250.00</Quantity>
      <UnitOfMeasure>100 גרם</UnitOfMeasure>
      <bIsWeighted>0</bIsWeighted>
      <QtyInPackage>לא ידוע</QtyInPackage>
      <ItemPrice>16.70</ItemPrice>
      <UnitOfMeasurePrice>6.68</UnitOfMeasurePrice>
      <AllowDiscount>1</AllowDiscount>
      <ItemStatus/>
    </Item>
    <Item>
      <PriceUpdateTime>2025-01-01T11:15:36.000</PriceUpdateTime>
      <ItemCode>7290117265062</ItemCode>
      <LastSaleDateTime>2026-01-22T21:23:35.000</LastSaleDateTime>
      <ItemType>1</ItemType>
      <ItemName>סרה גרגירי חומוס שלמ</ItemName>
      <ManufactureName>לא ידוע</ManufactureName>
      <ManufactureCountry>לא ידוע</ManufactureCountry>
      <ManufactureItemDescription>סרה גרגירי חומוס שלמ</ManufactureItemDescription>
      <UnitQty>גרם</UnitQty>
      <Quantity>400.00</Quantity>
      <UnitOfMeasure>100 גרם</UnitOfMeasure>
      <bIsWeighted>0</bIsWeighted>
      <QtyInPackage>לא ידוע</QtyInPackage>
      <ItemPrice>9.90</ItemPrice>
      <UnitOfMeasurePrice>2.48</UnitOfMeasurePrice>
      <AllowDiscount>1</AllowDiscount>
      <ItemStatus/>
    </Item>
    <Item>
      <PriceUpdateTime>2025-01-01T11:27:56.000</PriceUpdateTime>
      <ItemCode>7290013625403</ItemCode>
      <LastSaleDateTime>2026-01-22T12:31:35.000</LastSaleDateTime>
      <ItemType>1</ItemType>
      <ItemName>חצאי אפרסק צ'ויס בסי</ItemName>
      <ManufactureName>לא ידוע</ManufactureName>
      <ManufactureCountry>לא ידוע</ManufactureCountry>
      <ManufactureItemDescription>חצאי אפרסק צ'ויס בסי</ManufactureItemDescription>
      <UnitQty>גרם</UnitQty>
      <Quantity>470.00</Quantity>
      <UnitOfMeasure>100 גרם</UnitOfMeasure>
      <bIsWeighted>0</bIsWeighted>
      <QtyInPackage>לא ידוע</QtyInPackage>
      <ItemPrice>13.10</ItemPrice>
      <UnitOfMeasurePrice>2.79</UnitOfMeasurePrice>
      <AllowDiscount>1</AllowDiscount>
      <ItemStatus/>
    </Item>
    <Item>
      <PriceUpdateTime>2025-01-01T11:35:14.000</PriceUpdateTime>
      <ItemCode>7290006660596</ItemCode>
      <LastSaleDateTime>2026-01-29T15:52:49.000</LastSaleDateTime>
      <ItemType>1</ItemType>
      <ItemName>קמח עדשים אדומות</ItemName>
      <ManufactureName>לא ידוע</ManufactureName>
      <ManufactureCountry>לא ידוע</ManufactureCountry>
      <ManufactureItemDescription>קמח עדשים אדומות</ManufactureItemDescription>
      <UnitQty>גרם</UnitQty>
      <Quantity>500.00</Quantity>
      <UnitOfMeasure>100 גרם</UnitOfMeasure>
      <bIsWeighted>0</bIsWeighted>
      <QtyInPackage>לא ידוע</QtyInPackage>
      <ItemPrice>17.70</ItemPrice>
      <UnitOfMeasurePrice>3.54</UnitOfMeasurePrice>
      <AllowDiscount>1</AllowDiscount>
      <ItemStatus/>
    </Item>
    <Item>
      <PriceUpdateTime>2025-01-01T11:36:44.000</PriceUpdateTime>
      <ItemCode>7290002057352</ItemCode>
      <LastSaleDateTime>2026-01-28T11:38:41.000</LastSaleDateTime>
      <ItemType>1</ItemType>
      <ItemName>מלפפון יבנה במלח גדו</ItemName>
      <ManufactureName>קבוצת יבנה</ManufactureName>
      <ManufactureCountry>לא ידוע</ManufactureCountry>
      <ManufactureItemDescription>מלפפון יבנה במלח גדו</ManufactureItemDescription>
      <UnitQty>גרם</UnitQty>
      <Quantity>320.00</Quantity>
      <UnitOfMeasure>100 גרם</UnitOfMeasure>
      <bIsWeighted>0</bIsWeighted>
      <QtyInPackage>לא ידוע</QtyInPackage>
      <ItemPrice>7.50</ItemPrice>
      <UnitOfMeasurePrice>2.34</UnitOfMeasurePrice>
      <AllowDiscount>1</AllowDiscount>
      <ItemStatus/>
    </Item>
    <Item>
      <PriceUpdateTime>2025-01-01T11:47:57.000</PriceUpdateTime>
      <ItemCode>7290008102094</ItemCode>
      <LastSaleDateTime>2026-01-29T13:28:26.000</LastSaleDateTime>
      <ItemType>1</ItemType>
      <ItemName>סירופ בטעם שוקולד רמ</ItemName>
      <ManufactureName>לא ידוע</ManufactureName>
      <ManufactureCountry>לא ידוע</ManufactureCountry>
      <ManufactureItemDescription>סירופ בטעם שוקולד רמ</ManufactureItemDescription>
      <UnitQty>לא ידוע</UnitQty>
      <Quantity>700.00</Quantity>
      <UnitOfMeasure>100 מ"ל</UnitOfMeasure>
      <bIsWeighted>0</bIsWeighted>
      <QtyInPackage>לא ידוע</QtyInPackage>
      <ItemPrice>13.10</ItemPrice>
      <UnitOfMeasurePrice>0.02</UnitOfMeasurePrice>
      <AllowDiscount>1</AllowDiscount>
      <ItemStatus/>
    </Item>
    <Item>
      <PriceUpdateTime>2025-01-01T11:47:58.000</PriceUpdateTime>
      <ItemCode>7290011065089</ItemCode>
      <LastSaleDateTime>2026-01-29T11:25:31.000</LastSaleDateTime>
      <ItemType>1</ItemType>
      <ItemName>תמצית בטעם רום 50 מ"</ItemName>
      <ManufactureName>לא ידוע</ManufactureName>
      <ManufactureCountry>לא ידוע</ManufactureCountry>
      <ManufactureItemDescription>תמצית בטעם רום 50 מ"</ManufactureItemDescription>
      <UnitQty>לא ידוע</UnitQty>
      <Quantity>50.00</Quantity>
      <UnitOfMeasure>100 מ"ל</UnitOfMeasure>
      <bIsWeighted>0</bIsWeighted>
      <QtyInPackage>לא ידוע</QtyInPackage>
      <ItemPrice>3.80</ItemPrice>
      <UnitOfMeasurePrice>0.08</UnitOfMeasurePrice>
      <AllowDiscount>1</AllowDiscount>
      <ItemStatus/>
    </Item>
    <Item>
      <PriceUpdateTime>2025-01-01T11:47:59.000</PriceUpdateTime>
      <ItemCode>7290011065157</ItemCode>
      <LastSaleDateTime>2026-01-22T11:37:26.000</LastSaleDateTime>
      <ItemType>1</ItemType>
      <ItemName>צבע מאכל כחול 50 מ"ל</ItemName>
      <ManufactureName>לא ידוע</ManufactureName>
      <ManufactureCountry>לא ידוע</ManufactureCountry>
      <ManufactureItemDescription>צבע מאכל כחול 50 מ"ל</ManufactureItemDescription>
      <UnitQty>לא ידוע</UnitQty>
      <Quantity>50.00</Quantity>
      <UnitOfMeasure>100 מ"ל</UnitOfMeasure>
      <bIsWeighted>0</bIsWeighted>
      <QtyInPackage>לא ידוע</QtyInPackage>
      <ItemPrice>3.60</ItemPrice>
      <UnitOfMeasurePrice>0.07</UnitOfMeasurePrice>
      <AllowDiscount>1</AllowDiscount>
      <ItemStatus/>
    </Item>
    <Item>
      <PriceUpdateTime>2025-01-01T11:47:59.000</PriceUpdateTime>
      <ItemCode>7290011065164</ItemCode>
      <LastSaleDateTime>2026-01-29T19:51:42.000</LastSaleDateTime>
      <ItemType>1</ItemType>
      <ItemName>צבע מאכל צהוב 50 גר</ItemName>
      <ManufactureName>לא ידוע</ManufactureName>
      <ManufactureCountry>לא ידוע</ManufactureCountry>
      <ManufactureItemDescription>צבע מאכל צהוב 50 גר</ManufactureItemDescription>
      <UnitQty>לא ידוע</UnitQty>
      <Quantity>50.00</Quantity>
      <UnitOfMeasure>100 מ"ל</UnitOfMeasure>
      <bIsWeighted>0</bIsWeighted>
      <QtyInPackage>לא ידוע</QtyInPackage>
      <ItemPrice>3.60</ItemPrice>
      <UnitOfMeasurePrice>0.07</UnitOfMeasurePrice>
      <AllowDiscount>1</AllowDiscount>
      <ItemStatus/>
    </Item>
    <Item>
      <PriceUpdateTime>2025-01-01T11:47:59.000</PriceUpdateTime>
      <ItemCode>7290011065171</ItemCode>
      <LastSaleDateTime>2026-01-29T14:43:20.000</LastSaleDateTime>
      <ItemType>1</ItemType>
      <ItemName>צבע מאכל אדום 50 גר</ItemName>
      <ManufactureName>לא ידוע</ManufactureName>
      <ManufactureCountry>לא ידוע</ManufactureCountry>
      <ManufactureItemDescription>צבע מאכל אדום 50 גר</ManufactureItemDescription>
      <UnitQty>גרם</UnitQty>
      <Quantity>50.00</Quantity>
      <UnitOfMeasure>100 גרם</UnitOfMeasure>
      <bIsWeighted>0</bIsWeighted>
      <QtyInPackage>לא ידוע</QtyInPackage>
      <ItemPrice>3.60</ItemPrice>
      <UnitOfMeasurePrice>7.20</UnitOfMeasurePrice>
      <AllowDiscount>1</AllowDiscount>
      <ItemStatus/>
    </Item>
    <Item>
      <PriceUpdateTime>2025-01-01T11:51:27.000</PriceUpdateTime>
      <ItemCode>7290015888196</ItemCode>
      <LastSaleDateTime>2026-01-22T16:58:33.000</LastSaleDateTime>
      <ItemType>1</ItemType>
      <ItemName>שמן חמניות 1ליטר 15</ItemName>
      <ManufactureName>לא ידוע</ManufactureName>
      <ManufactureCountry>לא ידוע</ManufactureCountry>
      <ManufactureItemDescription>שמן חמניות 1ליטר 15</ManufactureItemDescription>
      <UnitQty>ליטר</UnitQty>
      <Quantity>1.00</Quantity>
      <UnitOfMeasure>ליטר    </UnitOfMeasure>
      <bIsWeighted>0</bIsWeighted>
      <QtyInPackage>לא ידוע</QtyInPackage>
      <ItemPrice>10.00</ItemPrice>
      <UnitOfMeasurePrice>10.00</UnitOfMeasurePrice>
      <AllowDiscount>1</AllowDiscount>
      <ItemStatus/>
    </Item>
    <Item>
      <PriceUpdateTime>2025-01-01T12:00:59.000</PriceUpdateTime>
      <ItemCode>7290112870124</ItemCode>
      <LastSaleDateTime>2026-01-29T17:51:07.000</LastSaleDateTime>
      <ItemType>1</ItemType>
      <ItemName>ממרח עגבניות מיובשות</ItemName>
      <ManufactureName>לא ידוע</ManufactureName>
      <ManufactureCountry>לא ידוע</ManufactureCountry>
      <ManufactureItemDescription>ממרח עגבניות מיובשות</ManufactureItemDescription>
      <UnitQty>גרם</UnitQty>
      <Quantity>190.00</Quantity>
      <UnitOfMeasure>100 גרם</UnitOfMeasure>
      <bIsWeighted>0</bIsWeighted>
      <QtyInPackage>לא ידוע</QtyInPackage>
      <ItemPrice>11.10</ItemPrice>
      <UnitOfMeasurePrice>5.84</UnitOfMeasurePrice>
      <AllowDiscount>1</AllowDiscount>
      <ItemStatus/>
    </Item>
    <Item>
      <PriceUpdateTime>2025-01-01T12:01:00.000</PriceUpdateTime>
      <ItemCode>7290112870162</ItemCode>
      <LastSaleDateTime>2026-01-29T14:41:15.000</LastSaleDateTime>
      <ItemType>1</ItemType>
      <ItemName>ממרח צ'מיצ'ורי 190ג</ItemName>
      <ManufactureName>לא ידוע</ManufactureName>
      <ManufactureCountry>לא ידוע</ManufactureCountry>
      <ManufactureItemDescription>ממרח צ'מיצ'ורי 190ג</ManufactureItemDescription>
      <UnitQty>גרם</UnitQty>
      <Quantity>190.00</Quantity>
      <UnitOfMeasure>100 גרם</UnitOfMeasure>
      <bIsWeighted>0</bIsWeighted>
      <QtyInPackage>לא ידוע</QtyInPackage>
      <ItemPrice>11.10</ItemPrice>
      <UnitOfMeasurePrice>5.84</UnitOfMeasurePrice>
      <AllowDiscount>1</AllowDiscount>
      <ItemStatus/>
    </Item>
    <Item>
      <PriceUpdateTime>2025-01-01T12:01:00.000</PriceUpdateTime>
      <ItemCode>7290112870575</ItemCode>
      <LastSaleDateTime>2026-01-29T16:55:22.000</LastSaleDateTime>
      <ItemType>1</ItemType>
      <ItemName>ממרח שום 190 ג רמילו</ItemName>
      <ManufactureName>לא ידוע</ManufactureName>
      <ManufactureCountry>לא ידוע</ManufactureCountry>
      <ManufactureItemDescription>ממרח שום 190 ג רמילו</ManufactureItemDescription>
      <UnitQty>גרם</UnitQty>
      <Quantity>190.00</Quantity>
      <UnitOfMeasure>100 גרם</UnitOfMeasure>
      <bIsWeighted>0</bIsWeighted>
      <QtyInPackage>לא ידוע</QtyInPackage>
      <ItemPrice>11.10</ItemPrice>
      <UnitOfMeasurePrice>5.84</UnitOfMeasurePrice>
      <AllowDiscount>1</AllowDiscount>
      <ItemStatus/>
    </Item>
    <Item>
      <PriceUpdateTime>2025-01-01T12:12:20.000</PriceUpdateTime>
      <ItemCode>7290119671021</ItemCode>
      <LastSaleDateTime>2026-01-28T15:30:22.000</LastSaleDateTime>
      <ItemType>1</ItemType>
      <ItemName>טונה בשמן 56 ג</ItemName>
      <ManufactureName>לא ידוע</ManufactureName>
      <ManufactureCountry>לא ידוע</ManufactureCountry>
      <ManufactureItemDescription>טונה בשמן 56 ג</ManufactureItemDescription>
      <UnitQty>יחידות</UnitQty>
      <Quantity>0.00</Quantity>
      <UnitOfMeasure>יחידה   </UnitOfMeasure>
      <bIsWeighted>0</bIsWeighted>
      <QtyInPackage>לא ידוע</QtyInPackage>
      <ItemPrice>4.00</ItemPrice>
      <UnitOfMeasurePrice>0.00</UnitOfMeasurePrice>
      <AllowDiscount>1</AllowDiscount>
      <ItemStatus/>
    </Item>
    <Item>
      <PriceUpdateTime>2025-01-01T12:14:15.000</PriceUpdateTime>
      <ItemCode>7290113195479</ItemCode>
      <LastSaleDateTime>2026-01-29T16:38:27.000</LastSaleDateTime>
      <ItemType>1</ItemType>
      <ItemName>קמח שקדים 200גר שקדי</ItemName>
      <ManufactureName>לא ידוע</ManufactureName>
      <ManufactureCountry>לא ידוע</ManufactureCountry>
      <ManufactureItemDescription>קמח שקדים 200גר שקדי</ManufactureItemDescription>
      <UnitQty>גרם</UnitQty>
      <Quantity>200.00</Quantity>
      <UnitOfMeasure>100 גרם</UnitOfMeasure>
      <bIsWeighted>0</bIsWeighted>
      <QtyInPackage>לא ידוע</QtyInPackage>
      <ItemPrice>14.00</ItemPrice>
      <UnitOfMeasurePrice>7.00</UnitOfMeasurePrice>
      <AllowDiscount>1</AllowDiscount>
      <ItemStatus/>
    </Item>
    <Item>
      <PriceUpdateTime>2025-01-01T12:26:35.000</PriceUpdateTime>
      <ItemCode>7290003643752</ItemCode>
      <LastSaleDateTime>2026-01-29T18:41:53.000</LastSaleDateTime>
      <ItemType>1</ItemType>
      <ItemName>עדשים ירוקות 500 גרם</ItemName>
      <ManufactureName>סוגת</ManufactureName>
      <ManufactureCountry>ישראל</ManufactureCountry>
      <ManufactureItemDescription>עדשים ירוקים 500 גר</ManufactureItemDescription>
      <UnitQty>גרם</UnitQty>
      <Quantity>500.00</Quantity>
      <UnitOfMeasure>100 גרם</UnitOfMeasure>
      <bIsWeighted>0</bIsWeighted>
      <QtyInPackage>לא ידוע</QtyInPackage>
      <ItemPrice>8.90</ItemPrice>
      <UnitOfMeasurePrice>1.78</UnitOfMeasurePrice>
      <AllowDiscount>1</AllowDiscount>
      <ItemStatus/>
    </Item>
    <Item>
      <PriceUpdateTime>2025-01-01T12:30:54.000</PriceUpdateTime>
      <ItemCode>7290015994156</ItemCode>
      <LastSaleDateTime>2026-01-22T22:21:23.000</LastSaleDateTime>
      <ItemType>1</ItemType>
      <ItemName>שעועית לבנה רמי לוי</ItemName>
      <ManufactureName>רמי לוי</ManufactureName>
      <ManufactureCountry>ישראל</ManufactureCountry>
      <ManufactureItemDescription>שעועית לבנה רמי לוי</ManufactureItemDescription>
      <UnitQty>לא ידוע</UnitQty>
      <Quantity>1.00</Quantity>
      <UnitOfMeasure>יח'</UnitOfMeasure>
      <bIsWeighted>0</bIsWeighted>
      <QtyInPackage>לא ידוע</QtyInPackage>
      <ItemPrice>14.10</ItemPrice>
      <UnitOfMeasurePrice>14.10</UnitOfMeasurePrice>
      <AllowDiscount>1</AllowDiscount>
      <ItemStatus/>
    </Item>
    <Item>
      <PriceUpdateTime>2025-01-01T12:30:54.000</PriceUpdateTime>
      <ItemCode>7290016865837</ItemCode>
      <LastSaleDateTime>2026-01-22T18:04:14.000</LastSaleDateTime>
      <ItemType>1</ItemType>
      <ItemName>עדשים ירוקות 500ג רמ</ItemName>
      <ManufactureName>לא ידוע</ManufactureName>
      <ManufactureCountry>לא ידוע</ManufactureCountry>
      <ManufactureItemDescription>עדשים ירוקות 500ג רמ</ManufactureItemDescription>
      <UnitQty>גרם</UnitQty>
      <Quantity>500.00</Quantity>
      <UnitOfMeasure>100 גרם</UnitOfMeasure>
      <bIsWeighted>0</bIsWeighted>
      <QtyInPackage>לא ידוע</QtyInPackage>
      <ItemPrice>6.60</ItemPrice>
      <UnitOfMeasurePrice>1.32</UnitOfMeasurePrice>
      <AllowDiscount>1</AllowDiscount>
      <ItemStatus/>
    </Item>
    <Item>
      <PriceUpdateTime>2025-01-01T12:31:05.000</PriceUpdateTime>
      <ItemCode>7290019644576</ItemCode>
      <LastSaleDateTime>2026-01-22T12:31:50.000</LastSaleDateTime>
      <ItemType>1</ItemType>
      <ItemName>גרנולה קראנצ'י שוקול</ItemName>
      <ManufactureName>לא ידוע</ManufactureName>
      <ManufactureCountry>לא ידוע</ManufactureCountry>
      <ManufactureItemDescription>גרנולה קראנצ'י שוקול</ManufactureItemDescription>
      <UnitQty>גרם</UnitQty>
      <Quantity>300.00</Quantity>
      <UnitOfMeasure>100 גרם</UnitOfMeasure>
      <bIsWeighted>0</bIsWeighted>
      <QtyInPackage>לא ידוע</QtyInPackage>
      <ItemPrice>13.90</ItemPrice>
      <UnitOfMeasurePrice>4.63</UnitOfMeasurePrice>
      <AllowDiscount>1</AllowDiscount>
      <ItemStatus/>
    </Item>
    <Item>
      <PriceUpdateTime>2025-01-01T12:41:06.000</PriceUpdateTime>
      <ItemCode>7290012895005</ItemCode>
      <LastSaleDateTime>2026-01-22T18:59:39.000</LastSaleDateTime>
      <ItemType>1</ItemType>
      <ItemName>מסטיק ג'ולים פירות י</ItemName>
      <ManufactureName>יוגוטה</ManufactureName>
      <ManufactureCountry>לא ידוע</ManufactureCountry>
      <ManufactureItemDescription>מסטיק ג'ולים פירות י</ManufactureItemDescription>
      <UnitQty>גרם</UnitQty>
      <Quantity>180.00</Quantity>
      <UnitOfMeasure>100 גרם</UnitOfMeasure>
      <bIsWeighted>0</bIsWeighted>
      <QtyInPackage>לא ידוע</QtyInPackage>
      <ItemPrice>10.00</ItemPrice>
      <UnitOfMeasurePrice>5.56</UnitOfMeasurePrice>
      <AllowDiscount>1</AllowDiscount>
      <ItemStatus/>
    </Item>
    <Item>
      <PriceUpdateTime>2025-01-01T12:48:50.000</PriceUpdateTime>
      <ItemCode>7290019568834</ItemCode>
      <LastSaleDateTime>2026-01-29T17:40:41.000</LastSaleDateTime>
      <ItemType>1</ItemType>
      <ItemName>וופל קרם שוקולד מריר</ItemName>
      <ManufactureName>לא ידוע</ManufactureName>
      <ManufactureCountry>לא ידוע</ManufactureCountry>
      <ManufactureItemDescription>וופל קרם שוקולד מריר</ManufactureItemDescription>
      <UnitQty>גרם</UnitQty>
      <Quantity>25.00</Quantity>
      <UnitOfMeasure>100 גרם</UnitOfMeasure>
      <bIsWeighted>0</bIsWeighted>
      <QtyInPackage>לא ידוע</QtyInPackage>
      <ItemPrice>3.90</ItemPrice>
      <UnitOfMeasurePrice>15.60</UnitOfMeasurePrice>
      <AllowDiscount>1</AllowDiscount>
      <ItemStatus/>
    </Item>
    <Item>
      <PriceUpdateTime>2025-01-01T13:21:12.000</PriceUpdateTime>
      <ItemCode>7290119860227</ItemCode>
      <LastSaleDateTime>2026-01-29T18:20:59.000</LastSaleDateTime>
      <ItemType>1</ItemType>
      <ItemName>שוקולד חלב מאוהב קרמ</ItemName>
      <ManufactureName>לא ידוע</ManufactureName>
      <ManufactureCountry>לא ידוע</ManufactureCountry>
      <ManufactureItemDescription>שוקולד חלב מאוהב קרמ</ManufactureItemDescription>
      <UnitQty>גרם</UnitQty>
      <Quantity>100.00</Quantity>
      <UnitOfMeasure>100 גרם</UnitOfMeasure>
      <bIsWeighted>0</bIsWeighted>
      <QtyInPackage>לא ידוע</QtyInPackage>
      <ItemPrice>11.10</ItemPrice>
      <UnitOfMeasurePrice>11.10</UnitOfMeasurePrice>
      <AllowDiscount>1</AllowDiscount>
      <ItemStatus/>
    </Item>
    <Item>
      <PriceUpdateTime>2025-01-01T13:22:16.000</PriceUpdateTime>
      <ItemCode>7290017023205</ItemCode>
      <LastSaleDateTime>2026-01-29T16:20:14.000</LastSaleDateTime>
      <ItemType>1</ItemType>
      <ItemName>שוופס מוגז פירות 330</ItemName>
      <ManufactureName>לא ידוע</ManufactureName>
      <ManufactureCountry>לא ידוע</ManufactureCountry>
      <ManufactureItemDescription>שוופס מוגז פירות 330</ManufactureItemDescription>
      <UnitQty>לא ידוע</UnitQty>
      <Quantity>330.00</Quantity>
      <UnitOfMeasure>100 מ"ל</UnitOfMeasure>
      <bIsWeighted>0</bIsWeighted>
      <QtyInPackage>לא ידוע</QtyInPackage>
      <ItemPrice>5.10</ItemPrice>
      <UnitOfMeasurePrice>0.02</UnitOfMeasurePrice>
      <AllowDiscount>1</AllowDiscount>
      <ItemStatus/>
    </Item>
    <Item>
      <PriceUpdateTime>2025-01-01T13:22:21.000</PriceUpdateTime>
      <ItemCode>7290019056478</ItemCode>
      <LastSaleDateTime>2026-01-29T20:00:38.000</LastSaleDateTime>
      <ItemType>1</ItemType>
      <ItemName>תה קר בטעם אפרסק ספר</ItemName>
      <ManufactureName>לא ידוע</ManufactureName>
      <ManufactureCountry>לא ידוע</ManufactureCountry>
      <ManufactureItemDescription>תה קר בטעם אפרסק ספר</ManufactureItemDescription>
      <UnitQty>ליטר</UnitQty>
      <Quantity>1.50</Quantity>
      <UnitOfMeasure>ליטר    </UnitOfMeasure>
      <bIsWeighted>0</bIsWeighted>
      <QtyInPackage>לא ידוע</QtyInPackage>
      <ItemPrice>6.60</ItemPrice>
      <UnitOfMeasurePrice>4.40</UnitOfMeasurePrice>
      <AllowDiscount>1</AllowDiscount>
      <ItemStatus/>
    </Item>
    <Item>
      <PriceUpdateTime>2025-01-01T13:22:21.000</PriceUpdateTime>
      <ItemCode>7290019056492</ItemCode>
      <LastSaleDateTime>2026-01-23T18:25:40.000</LastSaleDateTime>
      <ItemType>1</ItemType>
      <ItemName>תה קר מנגו בטעם אפרס</ItemName>
      <ManufactureName>לא ידוע</ManufactureName>
      <ManufactureCountry>לא ידוע</ManufactureCountry>
      <ManufactureItemDescription>תה קר מנגו בטעם אפרס</ManufactureItemDescription>
      <UnitQty>ליטר</UnitQty>
      <Quantity>1.50</Quantity>
      <UnitOfMeasure>ליטר    </UnitOfMeasure>
      <bIsWeighted>0</bIsWeighted>
      <QtyInPackage>לא ידוע</QtyInPackage>
      <ItemPrice>6.60</ItemPrice>
      <UnitOfMeasurePrice>4.40</UnitOfMeasurePrice>
      <AllowDiscount>1</AllowDiscount>
      <ItemStatus/>
    </Item>
    <Item>
      <PriceUpdateTime>2025-01-01T13:25:23.000</PriceUpdateTime>
      <ItemCode>7290016717754</ItemCode>
      <LastSaleDateTime>2026-01-28T09:48:20.000</LastSaleDateTime>
      <ItemType>1</ItemType>
      <ItemName>יין ישן נושן יקבי כר</ItemName>
      <ManufactureName>לא ידוע</ManufactureName>
      <ManufactureCountry>לא ידוע</ManufactureCountry>
      <ManufactureItemDescription>יין ישן נושן יקבי כר</ManufactureItemDescription>
      <UnitQty>לא ידוע</UnitQty>
      <Quantity>750.00</Quantity>
      <UnitOfMeasure>100 מ"ל</UnitOfMeasure>
      <bIsWeighted>0</bIsWeighted>
      <QtyInPackage>לא ידוע</QtyInPackage>
      <ItemPrice>19.10</ItemPrice>
      <UnitOfMeasurePrice>0.03</UnitOfMeasurePrice>
      <AllowDiscount>1</AllowDiscount>
      <ItemStatus/>
    </Item>
    <Item>
      <PriceUpdateTime>2025-01-01T13:25:23.000</PriceUpdateTime>
      <ItemCode>7290017812373</ItemCode>
      <LastSaleDateTime>2015-01-01T00:00:00.000</LastSaleDateTime>
      <ItemType>1</ItemType>
      <ItemName>שרדונה 375מל P.C</ItemName>
      <ManufactureName>לא ידוע</ManufactureName>
      <ManufactureCountry>לא ידוע</ManufactureCountry>
      <ManufactureItemDescription>שרדונה 375מל P.C</ManufactureItemDescription>
      <UnitQty>לא ידוע</UnitQty>
      <Quantity>375.00</Quantity>
      <UnitOfMeasure>100 מ"ל</UnitOfMeasure>
      <bIsWeighted>0</bIsWeighted>
      <QtyInPackage>לא ידוע</QtyInPackage>
      <ItemPrice>20.10</ItemPrice>
      <UnitOfMeasurePrice>0.05</UnitOfMeasurePrice>
      <AllowDiscount>1</AllowDiscount>
      <ItemStatus>2</ItemStatus>
    </Item>
    <Item>
      <PriceUpdateTime>2025-01-01T13:25:23.000</PriceUpdateTime>
      <ItemCode>7290017812373</ItemCode>
      <LastSaleDateTime>2015-01-01T00:00:00.000</LastSaleDateTime>
      <ItemType>1</ItemType>
      <ItemName>שרדונה 375מל P.C</ItemName>
      <ManufactureName>לא ידוע</ManufactureName>
      <ManufactureCountry>לא ידוע</ManufactureCountry>
      <ManufactureItemDescription>שרדונה 375מל P.C</ManufactureItemDescription>
      <UnitQty>לא ידוע</UnitQty>
      <Quantity>375.00</Quantity>
      <UnitOfMeasure>100 מ"ל</UnitOfMeasure>
      <bIsWeighted>0</bIsWeighted>
      <QtyInPackage>לא ידוע</QtyInPackage>
      <ItemPrice>20.10</ItemPrice>
      <UnitOfMeasurePrice>0.05</UnitOfMeasurePrice>
      <AllowDiscount>1</AllowDiscount>
      <ItemStatus/>
    </Item>
    <Item>
      <PriceUpdateTime>2025-01-01T13:25:24.000</PriceUpdateTime>
      <ItemCode>7290018294383</ItemCode>
      <LastSaleDateTime>2015-01-01T00:00:00.000</LastSaleDateTime>
      <ItemType>1</ItemType>
      <ItemName>פינו גרי 750מ סדרה א</ItemName>
      <ManufactureName>לא ידוע</ManufactureName>
      <ManufactureCountry>לא ידוע</ManufactureCountry>
      <ManufactureItemDescription>פינו גרי 750מ סדרה א</ManufactureItemDescription>
      <UnitQty>לא ידוע</UnitQty>
      <Quantity>750.00</Quantity>
      <UnitOfMeasure>100 מ"ל</UnitOfMeasure>
      <bIsWeighted>0</bIsWeighted>
      <QtyInPackage>לא ידוע</QtyInPackage>
      <ItemPrice>55.40</ItemPrice>
      <UnitOfMeasurePrice>0.07</UnitOfMeasurePrice>
      <AllowDiscount>1</AllowDiscount>
      <ItemStatus>2</ItemStatus>
    </Item>
    <Item>
      <PriceUpdateTime>2025-01-01T13:25:24.000</PriceUpdateTime>
      <ItemCode>7290018294383</ItemCode>
      <LastSaleDateTime>2015-01-01T00:00:00.000</LastSaleDateTime>
      <ItemType>1</ItemType>
      <ItemName>פינו גרי 750מ סדרה א</ItemName>
      <ManufactureName>לא ידוע</ManufactureName>
      <ManufactureCountry>לא ידוע</ManufactureCountry>
      <ManufactureItemDescription>פינו גרי 750מ סדרה א</ManufactureItemDescription>
      <UnitQty>לא ידוע</UnitQty>
      <Quantity>750.00</Quantity>
      <UnitOfMeasure>100 מ"ל</UnitOfMeasure>
      <bIsWeighted>0</bIsWeighted>
      <QtyInPackage>לא ידוע</QtyInPackage>
      <ItemPrice>55.40</ItemPrice>
      <UnitOfMeasurePrice>0.07</UnitOfMeasurePrice>
      <AllowDiscount>1</AllowDiscount>
      <ItemStatus/>
    </Item>
    <Item>
      <PriceUpdateTime>2025-01-01T13:25:24.000</PriceUpdateTime>
      <ItemCode>7290018294895</ItemCode>
      <LastSaleDateTime>2026-01-18T16:21:48.000</LastSaleDateTime>
      <ItemType>1</ItemType>
      <ItemName>יין מונלייט לבן חצי</ItemName>
      <ManufactureName>לא ידוע</ManufactureName>
      <ManufactureCountry>לא ידוע</ManufactureCountry>
      <ManufactureItemDescription>יין מונלייט לבן חצי</ManufactureItemDescription>
      <UnitQty>לא ידוע</UnitQty>
      <Quantity>750.00</Quantity>
      <UnitOfMeasure>100 מ"ל</UnitOfMeasure>
      <bIsWeighted>0</bIsWeighted>
      <QtyInPackage>לא ידוע</QtyInPackage>
      <ItemPrice>34.30</ItemPrice>
      <UnitOfMeasurePrice>0.05</UnitOfMeasurePrice>
      <AllowDiscount>1</AllowDiscount>
      <ItemStatus/>
    </Item>
    <Item>
      <PriceUpdateTime>2025-01-01T13:25:24.000</PriceUpdateTime>
      <ItemCode>7290018294901</ItemCode>
      <LastSaleDateTime>2015-01-01T00:00:00.000</LastSaleDateTime>
      <ItemType>1</ItemType>
      <ItemName>יין מונלייט אדום יבש</ItemName>
      <ManufactureName>לא ידוע</ManufactureName>
      <ManufactureCountry>לא ידוע</ManufactureCountry>
      <ManufactureItemDescription>יין מונלייט אדום יבש</ManufactureItemDescription>
      <UnitQty>לא ידוע</UnitQty>
      <Quantity>750.00</Quantity>
      <UnitOfMeasure>100 מ"ל</UnitOfMeasure>
      <bIsWeighted>0</bIsWeighted>
      <QtyInPackage>לא ידוע</QtyInPackage>
      <ItemPrice>34.30</ItemPrice>
      <UnitOfMeasurePrice>0.05</UnitOfMeasurePrice>
      <AllowDiscount>1</AllowDiscount>
      <ItemStatus>2</ItemStatus>
    </Item>
    <Item>
      <PriceUpdateTime>2025-01-01T13:25:24.000</PriceUpdateTime>
      <ItemCode>7290018294901</ItemCode>
      <LastSaleDateTime>2015-01-01T00:00:00.000</LastSaleDateTime>
      <ItemType>1</ItemType>
      <ItemName>יין מונלייט אדום יבש</ItemName>
      <ManufactureName>לא ידוע</ManufactureName>
      <ManufactureCountry>לא ידוע</ManufactureCountry>
      <ManufactureItemDescription>יין מונלייט אדום יבש</ManufactureItemDescription>
      <UnitQty>לא ידוע</UnitQty>
      <Quantity>750.00</Quantity>
      <UnitOfMeasure>100 מ"ל</UnitOfMeasure>
      <bIsWeighted>0</bIsWeighted>
      <QtyInPackage>לא ידוע</QtyInPackage>
      <ItemPrice>34.30</ItemPrice>
      <UnitOfMeasurePrice>0.05</UnitOfMeasurePrice>
      <AllowDiscount>1</AllowDiscount>
      <ItemStatus/>
    </Item>
    <Item>
      <PriceUpdateTime>2025-01-01T13:25:24.000</PriceUpdateTime>
      <ItemCode>7290018294918</ItemCode>
      <LastSaleDateTime>2026-01-16T13:20:58.000</LastSaleDateTime>
      <ItemType>1</ItemType>
      <ItemName>יין מונלייט מוסקטו ו</ItemName>
      <ManufactureName>לא ידוע</ManufactureName>
      <ManufactureCountry>לא ידוע</ManufactureCountry>
      <ManufactureItemDescription>יין מונלייט מוסקטו ו</ManufactureItemDescription>
      <UnitQty>לא ידוע</UnitQty>
      <Quantity>750.00</Quantity>
      <UnitOfMeasure>100 מ"ל</UnitOfMeasure>
      <bIsWeighted>0</bIsWeighted>
      <QtyInPackage>לא ידוע</QtyInPackage>
      <ItemPrice>34.30</ItemPrice>
      <UnitOfMeasurePrice>0.05</UnitOfMeasurePrice>
      <AllowDiscount>1</AllowDiscount>
      <ItemStatus/>
    </Item>
    <Item>
      <PriceUpdateTime>2025-01-01T13:25:24.000</PriceUpdateTime>
      <ItemCode>7290019302803</ItemCode>
      <LastSaleDateTime>2015-01-01T00:00:00.000</LastSaleDateTime>
      <ItemType>1</ItemType>
      <ItemName>מארז בירה אלכסנדר 5</ItemName>
      <ManufactureName>לא ידוע</ManufactureName>
      <ManufactureCountry>לא ידוע</ManufactureCountry>
      <ManufactureItemDescription>מארז בירה אלכסנדר 5</ManufactureItemDescription>
      <UnitQty>ליטר</UnitQty>
      <Quantity>1.65</Quantity>
      <UnitOfMeasure>ליטר    </UnitOfMeasure>
      <bIsWeighted>0</bIsWeighted>
      <QtyInPackage>לא ידוע</QtyInPackage>
      <ItemPrice>48.40</ItemPrice>
      <UnitOfMeasurePrice>29.33</UnitOfMeasurePrice>
      <AllowDiscount>1</AllowDiscount>
      <ItemStatus>2</ItemStatus>
    </Item>
    <Item>
      <PriceUpdateTime>2025-01-01T13:25:24.000</PriceUpdateTime>
      <ItemCode>7290019302803</ItemCode>
      <LastSaleDateTime>2015-01-01T00:00:00.000</LastSaleDateTime>
      <ItemType>1</ItemType>
      <ItemName>מארז בירה אלכסנדר 5</ItemName>
      <ManufactureName>לא ידוע</ManufactureName>
      <ManufactureCountry>לא ידוע</ManufactureCountry>
      <ManufactureItemDescription>מארז בירה אלכסנדר 5</ManufactureItemDescription>
      <UnitQty>ליטר</UnitQty>
      <Quantity>1.65</Quantity>
      <UnitOfMeasure>ליטר    </UnitOfMeasure>
      <bIsWeighted>0</bIsWeighted>
      <QtyInPackage>לא ידוע</QtyInPackage>
      <ItemPrice>48.40</ItemPrice>
      <UnitOfMeasurePrice>29.33</UnitOfMeasurePrice>
      <AllowDiscount>1</AllowDiscount>
      <ItemStatus/>
    </Item>
    <Item>
      <PriceUpdateTime>2025-01-01T13:25:36.000</PriceUpdateTime>
      <ItemCode>5904941751920</ItemCode>
      <LastSaleDateTime>2026-01-22T09:16:51.000</LastSaleDateTime>
      <ItemType>1</ItemType>
      <ItemName>משקה אנרגיה בלו דיי</ItemName>
      <ManufactureName>בלו</ManufactureName>
      <ManufactureCountry>לא ידוע</ManufactureCountry>
      <ManufactureItemDescription>משקה אנרגיה בלו דיי</ManufactureItemDescription>
      <UnitQty>לא ידוע</UnitQty>
      <Quantity>250.00</Quantity>
      <UnitOfMeasure>100 מ"ל</UnitOfMeasure>
      <bIsWeighted>0</bIsWeighted>
      <QtyInPackage>לא ידוע</QtyInPackage>
      <ItemPrice>3.90</ItemPrice>
      <UnitOfMeasurePrice>0.02</UnitOfMeasurePrice>
      <AllowDiscount>1</AllowDiscount>
      <ItemStatus/>
    </Item>
    <Item>
      <PriceUpdateTime>2025-01-01T13:25:37.000</PriceUpdateTime>
      <ItemCode>7290018194256</ItemCode>
      <LastSaleDateTime>2026-01-29T11:03:01.000</LastSaleDateTime>
      <ItemType>1</ItemType>
      <ItemName>עארק טעם לימון</ItemName>
      <ManufactureName>לא ידוע</ManufactureName>
      <ManufactureCountry>לא ידוע</ManufactureCountry>
      <ManufactureItemDescription>עארק טעם לימון</ManufactureItemDescription>
      <UnitQty>לא ידוע</UnitQty>
      <Quantity>700.00</Quantity>
      <UnitOfMeasure>100 מ"ל</UnitOfMeasure>
      <bIsWeighted>0</bIsWeighted>
      <QtyInPackage>לא ידוע</QtyInPackage>
      <ItemPrice>40.30</ItemPrice>
      <UnitOfMeasurePrice>0.06</UnitOfMeasurePrice>
      <AllowDiscount>1</AllowDiscount>
      <ItemStatus/>
    </Item>
    <Item>
      <PriceUpdateTime>2025-01-01T13:25:37.000</PriceUpdateTime>
      <ItemCode>7290018194928</ItemCode>
      <LastSaleDateTime>2015-01-01T00:00:00.000</LastSaleDateTime>
      <ItemType>1</ItemType>
      <ItemName>וודקה T כשלפ 700 מל</ItemName>
      <ManufactureName>לא ידוע</ManufactureName>
      <ManufactureCountry>לא ידוע</ManufactureCountry>
      <ManufactureItemDescription>וודקה T כשלפ 700 מל</ManufactureItemDescription>
      <UnitQty>לא ידוע</UnitQty>
      <Quantity>700.00</Quantity>
      <UnitOfMeasure>100 מ"ל</UnitOfMeasure>
      <bIsWeighted>0</bIsWeighted>
      <QtyInPackage>לא ידוע</QtyInPackage>
      <ItemPrice>80.80</ItemPrice>
      <UnitOfMeasurePrice>0.12</UnitOfMeasurePrice>
      <AllowDiscount>1</AllowDiscount>
      <ItemStatus>2</ItemStatus>
    </Item>
    <Item>
      <PriceUpdateTime>2025-01-01T13:25:37.000</PriceUpdateTime>
      <ItemCode>7290018194928</ItemCode>
      <LastSaleDateTime>2015-01-01T00:00:00.000</LastSaleDateTime>
      <ItemType>1</ItemType>
      <ItemName>וודקה T כשלפ 700 מל</ItemName>
      <ManufactureName>לא ידוע</ManufactureName>
      <ManufactureCountry>לא ידוע</ManufactureCountry>
      <ManufactureItemDescription>וודקה T כשלפ 700 מל</ManufactureItemDescription>
      <UnitQty>לא ידוע</UnitQty>
      <Quantity>700.00</Quantity>
      <UnitOfMeasure>100 מ"ל</UnitOfMeasure>
      <bIsWeighted>0</bIsWeighted>
      <QtyInPackage>לא ידוע</QtyInPackage>
      <ItemPrice>80.80</ItemPrice>
      <UnitOfMeasurePrice>0.12</UnitOfMeasurePrice>
      <AllowDiscount>1</AllowDiscount>
      <ItemStatus/>
    </Item>
    <Item>
      <PriceUpdateTime>2025-01-01T13:59:32.000</PriceUpdateTime>
      <ItemCode>4105120624412</ItemCode>
      <LastSaleDateTime>2015-01-01T00:00:00.000</LastSaleDateTime>
      <ItemType>1</ItemType>
      <ItemName>ויינשטפן ויטוס בקבוק</ItemName>
      <ManufactureName>לא ידוע</ManufactureName>
      <ManufactureCountry>לא ידוע</ManufactureCountry>
      <ManufactureItemDescription>ויינשטפן ויטוס בקבוק</ManufactureItemDescription>
      <UnitQty>לא ידוע</UnitQty>
      <Quantity>500.00</Quantity>
      <UnitOfMeasure>100 מ"ל</UnitOfMeasure>
      <bIsWeighted>0</bIsWeighted>
      <QtyInPackage>לא ידוע</QtyInPackage>
      <ItemPrice>12.00</ItemPrice>
      <UnitOfMeasurePrice>0.02</UnitOfMeasurePrice>
      <AllowDiscount>1</AllowDiscount>
      <ItemStatus>2</ItemStatus>
    </Item>
    <Item>
      <PriceUpdateTime>2025-01-01T13:59:32.000</PriceUpdateTime>
      <ItemCode>4105120624412</ItemCode>
      <LastSaleDateTime>2015-01-01T00:00:00.000</LastSaleDateTime>
      <ItemType>1</ItemType>
      <ItemName>ויינשטפן ויטוס בקבוק</ItemName>
      <ManufactureName>לא ידוע</ManufactureName>
      <ManufactureCountry>לא ידוע</ManufactureCountry>
      <ManufactureItemDescription>ויינשטפן ויטוס בקבוק</ManufactureItemDescription>
      <UnitQty>לא ידוע</UnitQty>
      <Quantity>500.00</Quantity>
      <UnitOfMeasure>100 מ"ל</UnitOfMeasure>
      <bIsWeighted>0</bIsWeighted>
      <QtyInPackage>לא ידוע</QtyInPackage>
      <ItemPrice>12.00</ItemPrice>
      <UnitOfMeasurePrice>0.02</UnitOfMeasurePrice>
      <AllowDiscount>1</AllowDiscount>
      <ItemStatus/>
    </Item>
    <Item>
      <PriceUpdateTime>2025-01-01T13:59:32.000</PriceUpdateTime>
      <ItemCode>851621000043</ItemCode>
      <LastSaleDateTime>2026-01-29T18:44:52.000</LastSaleDateTime>
      <ItemType>1</ItemType>
      <ItemName>בירת חיטה בהירה 5% ב</ItemName>
      <ManufactureName>לא ידוע</ManufactureName>
      <ManufactureCountry>לא ידוע</ManufactureCountry>
      <ManufactureItemDescription>בירת חיטה בהירה 5% ב</ManufactureItemDescription>
      <UnitQty>יחידות</UnitQty>
      <Quantity>0.00</Quantity>
      <UnitOfMeasure>יחידה   </UnitOfMeasure>
      <bIsWeighted>0</bIsWeighted>
      <QtyInPackage>לא ידוע</QtyInPackage>
      <ItemPrice>10.00</ItemPrice>
      <UnitOfMeasurePrice>0.00</UnitOfMeasurePrice>
      <AllowDiscount>1</AllowDiscount>
      <ItemStatus/>
    </Item>
    <Item>
      <PriceUpdateTime>2025-01-01T13:59:56.000</PriceUpdateTime>
      <ItemCode>3760125946719</ItemCode>
      <LastSaleDateTime>2015-01-01T00:00:00.000</LastSaleDateTime>
      <ItemType>1</ItemType>
      <ItemName>רוזה כשר אור דה לה ק</ItemName>
      <ManufactureName>לא ידוע</ManufactureName>
      <ManufactureCountry>לא ידוע</ManufactureCountry>
      <ManufactureItemDescription>רוזה כשר אור דה לה ק</ManufactureItemDescription>
      <UnitQty>לא ידוע</UnitQty>
      <Quantity>750.00</Quantity>
      <UnitOfMeasure>100 מ"ל</UnitOfMeasure>
      <bIsWeighted>0</bIsWeighted>
      <QtyInPackage>לא ידוע</QtyInPackage>
      <ItemPrice>55.50</ItemPrice>
      <UnitOfMeasurePrice>0.07</UnitOfMeasurePrice>
      <AllowDiscount>1</AllowDiscount>
      <ItemStatus>2</ItemStatus>
    </Item>
    <Item>
      <PriceUpdateTime>2025-01-01T13:59:56.000</PriceUpdateTime>
      <ItemCode>3760125946719</ItemCode>
      <LastSaleDateTime>2015-01-01T00:00:00.000</LastSaleDateTime>
      <ItemType>1</ItemType>
      <ItemName>רוזה כשר אור דה לה ק</ItemName>
      <ManufactureName>לא ידוע</ManufactureName>
      <ManufactureCountry>לא ידוע</ManufactureCountry>
      <ManufactureItemDescription>רוזה כשר אור דה לה ק</ManufactureItemDescription>
      <UnitQty>לא ידוע</UnitQty>
      <Quantity>750.00</Quantity>
      <UnitOfMeasure>100 מ"ל</UnitOfMeasure>
      <bIsWeighted>0</bIsWeighted>
      <QtyInPackage>לא ידוע</QtyInPackage>
      <ItemPrice>55.50</ItemPrice>
      <UnitOfMeasurePrice>0.07</UnitOfMeasurePrice>
      <AllowDiscount>1</AllowDiscount>
      <ItemStatus/>
    </Item>
    <Item>
      <PriceUpdateTime>2025-01-01T13:59:56.000</PriceUpdateTime>
      <ItemCode>42061946</ItemCode>
      <LastSaleDateTime>2015-01-01T00:00:00.000</LastSaleDateTime>
      <ItemType>1</ItemType>
      <ItemName>בירה ללא אלכוהול בקס</ItemName>
      <ManufactureName>באקס</ManufactureName>
      <ManufactureCountry>לא ידוע</ManufactureCountry>
      <ManufactureItemDescription>בירה ללא אלכוהול בקס</ManufactureItemDescription>
      <UnitQty>לא ידוע</UnitQty>
      <Quantity>330.00</Quantity>
      <UnitOfMeasure>100 מ"ל</UnitOfMeasure>
      <bIsWeighted>0</bIsWeighted>
      <QtyInPackage>לא ידוע</QtyInPackage>
      <ItemPrice>6.00</ItemPrice>
      <UnitOfMeasurePrice>0.02</UnitOfMeasurePrice>
      <AllowDiscount>1</AllowDiscount>
      <ItemStatus>2</ItemStatus>
    </Item>
    <Item>
      <PriceUpdateTime>2025-01-01T13:59:56.000</PriceUpdateTime>
      <ItemCode>42061946</ItemCode>
      <LastSaleDateTime>2015-01-01T00:00:00.000</LastSaleDateTime>
      <ItemType>1</ItemType>
      <ItemName>בירה ללא אלכוהול בקס</ItemName>
      <ManufactureName>באקס</ManufactureName>
      <ManufactureCountry>לא ידוע</ManufactureCountry>
      <ManufactureItemDescription>בירה ללא אלכוהול בקס</ManufactureItemDescription>
      <UnitQty>לא ידוע</UnitQty>
      <Quantity>330.00</Quantity>
      <UnitOfMeasure>100 מ"ל</UnitOfMeasure>
      <bIsWeighted>0</bIsWeighted>
      <QtyInPackage>לא ידוע</QtyInPackage>
      <ItemPrice>6.00</ItemPrice>
      <UnitOfMeasurePrice>0.02</UnitOfMeasurePrice>
      <AllowDiscount>1</AllowDiscount>
      <ItemStatus/>
    </Item>
    <Item>
      <PriceUpdateTime>2025-01-01T13:59:58.000</PriceUpdateTime>
      <ItemCode>5410228267508</ItemCode>
      <LastSaleDateTime>2015-01-01T00:00:00.000</LastSaleDateTime>
      <ItemType>1</ItemType>
      <ItemName>בירה בדוויזר 330 מל</ItemName>
      <ManufactureName>לא ידוע</ManufactureName>
      <ManufactureCountry>לא ידוע</ManufactureCountry>
      <ManufactureItemDescription>בירה בדוויזר 330 מל</ManufactureItemDescription>
      <UnitQty>לא ידוע</UnitQty>
      <Quantity>1.00</Quantity>
      <UnitOfMeasure>יח'</UnitOfMeasure>
      <bIsWeighted>0</bIsWeighted>
      <QtyInPackage>לא ידוע</QtyInPackage>
      <ItemPrice>6.90</ItemPrice>
      <UnitOfMeasurePrice>6.90</UnitOfMeasurePrice>
      <AllowDiscount>1</AllowDiscount>
      <ItemStatus>2</ItemStatus>
    </Item>
    <Item>
      <PriceUpdateTime>2025-01-01T13:59:58.000</PriceUpdateTime>
      <ItemCode>5410228267508</ItemCode>
      <LastSaleDateTime>2015-01-01T00:00:00.000</LastSaleDateTime>
      <ItemType>1</ItemType>
      <ItemName>בירה בדוויזר 330 מל</ItemName>
      <ManufactureName>לא ידוע</ManufactureName>
      <ManufactureCountry>לא ידוע</ManufactureCountry>
      <ManufactureItemDescription>בירה בדוויזר 330 מל</ManufactureItemDescription>
      <UnitQty>לא ידוע</UnitQty>
      <Quantity>1.00</Quantity>
      <UnitOfMeasure>יח'</UnitOfMeasure>
      <bIsWeighted>0</bIsWeighted>
      <QtyInPackage>לא ידוע</QtyInPackage>
      <ItemPrice>6.90</ItemPrice>
      <UnitOfMeasurePrice>6.90</UnitOfMeasurePrice>
      <AllowDiscount>1</AllowDiscount>
      <ItemStatus/>
    </Item>
    <Item>
      <PriceUpdateTime>2025-01-01T13:59:59.000</PriceUpdateTime>
      <ItemCode>7290004494049</ItemCode>
      <LastSaleDateTime>2015-01-01T00:00:00.000</LastSaleDateTime>
      <ItemType>1</ItemType>
      <ItemName>גליל סוביניון בלאן (</ItemName>
      <ManufactureName>לא ידוע</ManufactureName>
      <ManufactureCountry>לא ידוע</ManufactureCountry>
      <ManufactureItemDescription>גליל סוביניון בלאן (</ManufactureItemDescription>
      <UnitQty>לא ידוע</UnitQty>
      <Quantity>750.00</Quantity>
      <UnitOfMeasure>100 מ"ל</UnitOfMeasure>
      <bIsWeighted>0</bIsWeighted>
      <QtyInPackage>לא ידוע</QtyInPackage>
      <ItemPrice>59.50</ItemPrice>
      <UnitOfMeasurePrice>0.08</UnitOfMeasurePrice>
      <AllowDiscount>1</AllowDiscount>
      <ItemStatus>2</ItemStatus>
    </Item>
    <Item>
      <PriceUpdateTime>2025-01-01T13:59:59.000</PriceUpdateTime>
      <ItemCode>7290004494049</ItemCode>
      <LastSaleDateTime>2015-01-01T00:00:00.000</LastSaleDateTime>
      <ItemType>1</ItemType>
      <ItemName>גליל סוביניון בלאן (</ItemName>
      <ManufactureName>לא ידוע</ManufactureName>
      <ManufactureCountry>לא ידוע</ManufactureCountry>
      <ManufactureItemDescription>גליל סוביניון בלאן (</ManufactureItemDescription>
      <UnitQty>לא ידוע</UnitQty>
      <Quantity>750.00</Quantity>
      <UnitOfMeasure>100 מ"ל</UnitOfMeasure>
      <bIsWeighted>0</bIsWeighted>
      <QtyInPackage>לא ידוע</QtyInPackage>
      <ItemPrice>59.50</ItemPrice>
      <UnitOfMeasurePrice>0.08</UnitOfMeasurePrice>
      <AllowDiscount>1</AllowDiscount>
      <ItemStatus/>
    </Item>
    <Item>
      <PriceUpdateTime>2025-01-01T13:59:59.000</PriceUpdateTime>
      <ItemCode>7290004494100</ItemCode>
      <LastSaleDateTime>2025-11-04T00:00:00.000</LastSaleDateTime>
      <ItemType>1</ItemType>
      <ItemName>כנען אדום מבושל (דלת</ItemName>
      <ManufactureName>לא ידוע</ManufactureName>
      <ManufactureCountry>לא ידוע</ManufactureCountry>
      <ManufactureItemDescription>כנען אדום מבושל (דלת</ManufactureItemDescription>
      <UnitQty>לא ידוע</UnitQty>
      <Quantity>750.00</Quantity>
      <UnitOfMeasure>100 מ"ל</UnitOfMeasure>
      <bIsWeighted>0</bIsWeighted>
      <QtyInPackage>לא ידוע</QtyInPackage>
      <ItemPrice>40.30</ItemPrice>
      <UnitOfMeasurePrice>0.05</UnitOfMeasurePrice>
      <AllowDiscount>1</AllowDiscount>
      <ItemStatus/>
    </Item>
    <Item>
      <PriceUpdateTime>2025-01-01T13:59:59.000</PriceUpdateTime>
      <ItemCode>7290004494117</ItemCode>
      <LastSaleDateTime>2015-01-01T00:00:00.000</LastSaleDateTime>
      <ItemType>1</ItemType>
      <ItemName>כנען לבן מבושל (דלתו</ItemName>
      <ManufactureName>דלתון</ManufactureName>
      <ManufactureCountry>ישראל</ManufactureCountry>
      <ManufactureItemDescription>יובלים אדום (דלתון) - רשת</ManufactureItemDescription>
      <UnitQty>לא ידוע</UnitQty>
      <Quantity>750.00</Quantity>
      <UnitOfMeasure>100 מ"ל</UnitOfMeasure>
      <bIsWeighted>0</bIsWeighted>
      <QtyInPackage>לא ידוע</QtyInPackage>
      <ItemPrice>40.30</ItemPrice>
      <UnitOfMeasurePrice>0.05</UnitOfMeasurePrice>
      <AllowDiscount>1</AllowDiscount>
      <ItemStatus>2</ItemStatus>
    </Item>
    <Item>
      <PriceUpdateTime>2025-01-01T13:59:59.000</PriceUpdateTime>
      <ItemCode>7290004494117</ItemCode>
      <LastSaleDateTime>2015-01-01T00:00:00.000</LastSaleDateTime>
      <ItemType>1</ItemType>
      <ItemName>כנען לבן מבושל (דלתו</ItemName>
      <ManufactureName>דלתון</ManufactureName>
      <ManufactureCountry>ישראל</ManufactureCountry>
      <ManufactureItemDescription>יובלים אדום (דלתון) - רשת</ManufactureItemDescription>
      <UnitQty>לא ידוע</UnitQty>
      <Quantity>750.00</Quantity>
      <UnitOfMeasure>100 מ"ל</UnitOfMeasure>
      <bIsWeighted>0</bIsWeighted>
      <QtyInPackage>לא ידוע</QtyInPackage>
      <ItemPrice>40.30</ItemPrice>
      <UnitOfMeasurePrice>0.05</UnitOfMeasurePrice>
      <AllowDiscount>1</AllowDiscount>
      <ItemStatus/>
    </Item>
    <Item>
      <PriceUpdateTime>2025-01-01T14:00:00.000</PriceUpdateTime>
      <ItemCode>7290004494131</ItemCode>
      <LastSaleDateTime>2015-01-01T00:00:00.000</LastSaleDateTime>
      <ItemType>1</ItemType>
      <ItemName>גליל קברנה סוביניון</ItemName>
      <ManufactureName>לא ידוע</ManufactureName>
      <ManufactureCountry>לא ידוע</ManufactureCountry>
      <ManufactureItemDescription>גליל קברנה סוביניון</ManufactureItemDescription>
      <UnitQty>לא ידוע</UnitQty>
      <Quantity>750.00</Quantity>
      <UnitOfMeasure>100 מ"ל</UnitOfMeasure>
      <bIsWeighted>0</bIsWeighted>
      <QtyInPackage>לא ידוע</QtyInPackage>
      <ItemPrice>59.50</ItemPrice>
      <UnitOfMeasurePrice>0.08</UnitOfMeasurePrice>
      <AllowDiscount>1</AllowDiscount>
      <ItemStatus>2</ItemStatus>
    </Item>
    <Item>
      <PriceUpdateTime>2025-01-01T14:00:00.000</PriceUpdateTime>
      <ItemCode>7290004494131</ItemCode>
      <LastSaleDateTime>2015-01-01T00:00:00.000</LastSaleDateTime>
      <ItemType>1</ItemType>
      <ItemName>גליל קברנה סוביניון</ItemName>
      <ManufactureName>לא ידוע</ManufactureName>
      <ManufactureCountry>לא ידוע</ManufactureCountry>
      <ManufactureItemDescription>גליל קברנה סוביניון</ManufactureItemDescription>
      <UnitQty>לא ידוע</UnitQty>
      <Quantity>750.00</Quantity>
      <UnitOfMeasure>100 מ"ל</UnitOfMeasure>
      <bIsWeighted>0</bIsWeighted>
      <QtyInPackage>לא ידוע</QtyInPackage>
      <ItemPrice>59.50</ItemPrice>
      <UnitOfMeasurePrice>0.08</UnitOfMeasurePrice>
      <AllowDiscount>1</AllowDiscount>
      <ItemStatus/>
    </Item>
    <Item>
      <PriceUpdateTime>2025-01-01T14:00:00.000</PriceUpdateTime>
      <ItemCode>7290004494148</ItemCode>
      <LastSaleDateTime>2015-01-01T00:00:00.000</LastSaleDateTime>
      <ItemType>1</ItemType>
      <ItemName>גליל מרלו (דלתון)</ItemName>
      <ManufactureName>לא ידוע</ManufactureName>
      <ManufactureCountry>לא ידוע</ManufactureCountry>
      <ManufactureItemDescription>גליל מרלו (דלתון)</ManufactureItemDescription>
      <UnitQty>לא ידוע</UnitQty>
      <Quantity>750.00</Quantity>
      <UnitOfMeasure>100 מ"ל</UnitOfMeasure>
      <bIsWeighted>0</bIsWeighted>
      <QtyInPackage>לא ידוע</QtyInPackage>
      <ItemPrice>59.50</ItemPrice>
      <UnitOfMeasurePrice>0.08</UnitOfMeasurePrice>
      <AllowDiscount>1</AllowDiscount>
      <ItemStatus>2</ItemStatus>
    </Item>
    <Item>
      <PriceUpdateTime>2025-01-01T14:00:00.000</PriceUpdateTime>
      <ItemCode>7290004494148</ItemCode>
      <LastSaleDateTime>2015-01-01T00:00:00.000</LastSaleDateTime>
      <ItemType>1</ItemType>
      <ItemName>גליל מרלו (דלתון)</ItemName>
      <ManufactureName>לא ידוע</ManufactureName>
      <ManufactureCountry>לא ידוע</ManufactureCountry>
      <ManufactureItemDescription>גליל מרלו (דלתון)</ManufactureItemDescription>
      <UnitQty>לא ידוע</UnitQty>
      <Quantity>750.00</Quantity>
      <UnitOfMeasure>100 מ"ל</UnitOfMeasure>
      <bIsWeighted>0</bIsWeighted>
      <QtyInPackage>לא ידוע</QtyInPackage>
      <ItemPrice>59.50</ItemPrice>
      <UnitOfMeasurePrice>0.08</UnitOfMeasurePrice>
      <AllowDiscount>1</AllowDiscount>
      <ItemStatus/>
    </Item>
    <Item>
      <PriceUpdateTime>2025-01-01T14:00:00.000</PriceUpdateTime>
      <ItemCode>7290004494377</ItemCode>
      <LastSaleDateTime>2025-12-24T00:00:00.000</LastSaleDateTime>
      <ItemType>1</ItemType>
      <ItemName>גליל שיראז (דלתון)</ItemName>
      <ManufactureName>לא ידוע</ManufactureName>
      <ManufactureCountry>לא ידוע</ManufactureCountry>
      <ManufactureItemDescription>גליל שיראז (דלתון)</ManufactureItemDescription>
      <UnitQty>לא ידוע</UnitQty>
      <Quantity>750.00</Quantity>
      <UnitOfMeasure>100 מ"ל</UnitOfMeasure>
      <bIsWeighted>0</bIsWeighted>
      <QtyInPackage>לא ידוע</QtyInPackage>
      <ItemPrice>59.50</ItemPrice>
      <UnitOfMeasurePrice>0.08</UnitOfMeasurePrice>
      <AllowDiscount>1</AllowDiscount>
      <ItemStatus/>
    </Item>
    <Item>
      <PriceUpdateTime>2025-01-01T14:00:00.000</PriceUpdateTime>
      <ItemCode>7290004494919</ItemCode>
      <LastSaleDateTime>2015-01-01T00:00:00.000</LastSaleDateTime>
      <ItemType>1</ItemType>
      <ItemName>כנען קברנה-שיראז (דל</ItemName>
      <ManufactureName>הכרם</ManufactureName>
      <ManufactureCountry>לא ידוע</ManufactureCountry>
      <ManufactureItemDescription>כנען קברנה-שיראז (דל</ManufactureItemDescription>
      <UnitQty>לא ידוע</UnitQty>
      <Quantity>750.00</Quantity>
      <UnitOfMeasure>100 מ"ל</UnitOfMeasure>
      <bIsWeighted>0</bIsWeighted>
      <QtyInPackage>לא ידוע</QtyInPackage>
      <ItemPrice>40.30</ItemPrice>
      <UnitOfMeasurePrice>0.05</UnitOfMeasurePrice>
      <AllowDiscount>1</AllowDiscount>
      <ItemStatus>2</ItemStatus>
    </Item>
    <Item>
      <PriceUpdateTime>2025-01-01T14:00:00.000</PriceUpdateTime>
      <ItemCode>7290004494919</ItemCode>
      <LastSaleDateTime>2015-01-01T00:00:00.000</LastSaleDateTime>
      <ItemType>1</ItemType>
      <ItemName>כנען קברנה-שיראז (דל</ItemName>
      <ManufactureName>הכרם</ManufactureName>
      <ManufactureCountry>לא ידוע</ManufactureCountry>
      <ManufactureItemDescription>כנען קברנה-שיראז (דל</ManufactureItemDescription>
      <UnitQty>לא ידוע</UnitQty>
      <Quantity>750.00</Quantity>
      <UnitOfMeasure>100 מ"ל</UnitOfMeasure>
      <bIsWeighted>0</bIsWeighted>
      <QtyInPackage>לא ידוע</QtyInPackage>
      <ItemPrice>40.30</ItemPrice>
      <UnitOfMeasurePrice>0.05</UnitOfMeasurePrice>
      <AllowDiscount>1</AllowDiscount>
      <ItemStatus/>
    </Item>
    <Item>
      <PriceUpdateTime>2025-01-01T14:00:01.000</PriceUpdateTime>
      <ItemCode>7290016607772</ItemCode>
      <LastSaleDateTime>2025-10-26T00:00:00.000</LastSaleDateTime>
      <ItemType>1</ItemType>
      <ItemName>גליל רוזה (דלתון)</ItemName>
      <ManufactureName>לא ידוע</ManufactureName>
      <ManufactureCountry>לא ידוע</ManufactureCountry>
      <ManufactureItemDescription>גליל רוזה (דלתון)</ManufactureItemDescription>
      <UnitQty>לא ידוע</UnitQty>
      <Quantity>700.00</Quantity>
      <UnitOfMeasure>100 מ"ל</UnitOfMeasure>
      <bIsWeighted>0</bIsWeighted>
      <QtyInPackage>לא ידוע</QtyInPackage>
      <ItemPrice>59.50</ItemPrice>
      <UnitOfMeasurePrice>0.09</UnitOfMeasurePrice>
      <AllowDiscount>1</AllowDiscount>
      <ItemStatus>2</ItemStatus>
    </Item>
    <Item>
      <PriceUpdateTime>2025-01-01T14:00:01.000</PriceUpdateTime>
      <ItemCode>7290016607772</ItemCode>
      <LastSaleDateTime>2025-10-26T00:00:00.000</LastSaleDateTime>
      <ItemType>1</ItemType>
      <ItemName>גליל רוזה (דלתון)</ItemName>
      <ManufactureName>לא ידוע</ManufactureName>
      <ManufactureCountry>לא ידוע</ManufactureCountry>
      <ManufactureItemDescription>גליל רוזה (דלתון)</ManufactureItemDescription>
      <UnitQty>לא ידוע</UnitQty>
      <Quantity>700.00</Quantity>
      <UnitOfMeasure>100 מ"ל</UnitOfMeasure>
      <bIsWeighted>0</bIsWeighted>
      <QtyInPackage>לא ידוע</QtyInPackage>
      <ItemPrice>59.50</ItemPrice>
      <UnitOfMeasurePrice>0.09</UnitOfMeasurePrice>
      <AllowDiscount>1</AllowDiscount>
      <ItemStatus/>
    </Item>
    <Item>
      <PriceUpdateTime>2025-01-01T14:00:01.000</PriceUpdateTime>
      <ItemCode>7804414001621</ItemCode>
      <LastSaleDateTime>2015-01-01T00:00:00.000</LastSaleDateTime>
      <ItemType>1</ItemType>
      <ItemName>קזה די לואיג'י שירז</ItemName>
      <ManufactureName>הכרם</ManufactureName>
      <ManufactureCountry>לא ידוע</ManufactureCountry>
      <ManufactureItemDescription>קזה די לואיג'י שירז</ManufactureItemDescription>
      <UnitQty>לא ידוע</UnitQty>
      <Quantity>750.00</Quantity>
      <UnitOfMeasure>100 מ"ל</UnitOfMeasure>
      <bIsWeighted>0</bIsWeighted>
      <QtyInPackage>לא ידוע</QtyInPackage>
      <ItemPrice>30.20</ItemPrice>
      <UnitOfMeasurePrice>0.04</UnitOfMeasurePrice>
      <AllowDiscount>1</AllowDiscount>
      <ItemStatus>2</ItemStatus>
    </Item>
    <Item>
      <PriceUpdateTime>2025-01-01T14:00:01.000</PriceUpdateTime>
      <ItemCode>7804414001621</ItemCode>
      <LastSaleDateTime>2015-01-01T00:00:00.000</LastSaleDateTime>
      <ItemType>1</ItemType>
      <ItemName>קזה די לואיג'י שירז</ItemName>
      <ManufactureName>הכרם</ManufactureName>
      <ManufactureCountry>לא ידוע</ManufactureCountry>
      <ManufactureItemDescription>קזה די לואיג'י שירז</ManufactureItemDescription>
      <UnitQty>לא ידוע</UnitQty>
      <Quantity>750.00</Quantity>
      <UnitOfMeasure>100 מ"ל</UnitOfMeasure>
      <bIsWeighted>0</bIsWeighted>
      <QtyInPackage>לא ידוע</QtyInPackage>
      <ItemPrice>30.20</ItemPrice>
      <UnitOfMeasurePrice>0.04</UnitOfMeasurePrice>
      <AllowDiscount>1</AllowDiscount>
      <ItemStatus/>
    </Item>
    <Item>
      <PriceUpdateTime>2025-01-01T14:00:02.000</PriceUpdateTime>
      <ItemCode>7804414017127</ItemCode>
      <LastSaleDateTime>2025-09-29T00:00:00.000</LastSaleDateTime>
      <ItemType>1</ItemType>
      <ItemName>יין שרדונה מונטסאנו</ItemName>
      <ManufactureName>לא ידוע</ManufactureName>
      <ManufactureCountry>לא ידוע</ManufactureCountry>
      <ManufactureItemDescription>יין שרדונה מונטסאנו</ManufactureItemDescription>
      <UnitQty>לא ידוע</UnitQty>
      <Quantity>750.00</Quantity>
      <UnitOfMeasure>100 מ"ל</UnitOfMeasure>
      <bIsWeighted>0</bIsWeighted>
      <QtyInPackage>לא ידוע</QtyInPackage>
      <ItemPrice>36.30</ItemPrice>
      <UnitOfMeasurePrice>0.05</UnitOfMeasurePrice>
      <AllowDiscount>1</AllowDiscount>
      <ItemStatus>2</ItemStatus>
    </Item>
    <Item>
      <PriceUpdateTime>2025-01-01T14:00:02.000</PriceUpdateTime>
      <ItemCode>7804414017127</ItemCode>
      <LastSaleDateTime>2025-09-29T00:00:00.000</LastSaleDateTime>
      <ItemType>1</ItemType>
      <ItemName>יין שרדונה מונטסאנו</ItemName>
      <ManufactureName>לא ידוע</ManufactureName>
      <ManufactureCountry>לא ידוע</ManufactureCountry>
      <ManufactureItemDescription>יין שרדונה מונטסאנו</ManufactureItemDescription>
      <UnitQty>לא ידוע</UnitQty>
      <Quantity>750.00</Quantity>
      <UnitOfMeasure>100 מ"ל</UnitOfMeasure>
      <bIsWeighted>0</bIsWeighted>
      <QtyInPackage>לא ידוע</QtyInPackage>
      <ItemPrice>36.30</ItemPrice>
      <UnitOfMeasurePrice>0.05</UnitOfMeasurePrice>
      <AllowDiscount>1</AllowDiscount>
      <ItemStatus/>
    </Item>
    <Item>
      <PriceUpdateTime>2025-01-01T14:00:02.000</PriceUpdateTime>
      <ItemCode>7804414017134</ItemCode>
      <LastSaleDateTime>2015-01-01T00:00:00.000</LastSaleDateTime>
      <ItemType>1</ItemType>
      <ItemName>מונטסאנו לבן קברנה ס</ItemName>
      <ManufactureName>לא ידוע</ManufactureName>
      <ManufactureCountry>לא ידוע</ManufactureCountry>
      <ManufactureItemDescription>מונטסאנו לבן קברנה ס</ManufactureItemDescription>
      <UnitQty>לא ידוע</UnitQty>
      <Quantity>750.00</Quantity>
      <UnitOfMeasure>100 מ"ל</UnitOfMeasure>
      <bIsWeighted>0</bIsWeighted>
      <QtyInPackage>לא ידוע</QtyInPackage>
      <ItemPrice>36.30</ItemPrice>
      <UnitOfMeasurePrice>0.05</UnitOfMeasurePrice>
      <AllowDiscount>1</AllowDiscount>
      <ItemStatus>2</ItemStatus>
    </Item>
    <Item>
      <PriceUpdateTime>2025-01-01T14:00:02.000</PriceUpdateTime>
      <ItemCode>7804414017134</ItemCode>
      <LastSaleDateTime>2015-01-01T00:00:00.000</LastSaleDateTime>
      <ItemType>1</ItemType>
      <ItemName>מונטסאנו לבן קברנה ס</ItemName>
      <ManufactureName>לא ידוע</ManufactureName>
      <ManufactureCountry>לא ידוע</ManufactureCountry>
      <ManufactureItemDescription>מונטסאנו לבן קברנה ס</ManufactureItemDescription>
      <UnitQty>לא ידוע</UnitQty>
      <Quantity>750.00</Quantity>
      <UnitOfMeasure>100 מ"ל</UnitOfMeasure>
      <bIsWeighted>0</bIsWeighted>
      <QtyInPackage>לא ידוע</QtyInPackage>
      <ItemPrice>36.30</ItemPrice>
      <UnitOfMeasurePrice>0.05</UnitOfMeasurePrice>
      <AllowDiscount>1</AllowDiscount>
      <ItemStatus/>
    </Item>
    <Item>
      <PriceUpdateTime>2025-01-01T14:00:02.000</PriceUpdateTime>
      <ItemCode>7804414017141</ItemCode>
      <LastSaleDateTime>2015-01-01T00:00:00.000</LastSaleDateTime>
      <ItemType>1</ItemType>
      <ItemName>יין מרלו מונטסאנו 75</ItemName>
      <ManufactureName>לא ידוע</ManufactureName>
      <ManufactureCountry>לא ידוע</ManufactureCountry>
      <ManufactureItemDescription>יין מרלו מונטסאנו 75</ManufactureItemDescription>
      <UnitQty>לא ידוע</UnitQty>
      <Quantity>750.00</Quantity>
      <UnitOfMeasure>100 מ"ל</UnitOfMeasure>
      <bIsWeighted>0</bIsWeighted>
      <QtyInPackage>לא ידוע</QtyInPackage>
      <ItemPrice>36.30</ItemPrice>
      <UnitOfMeasurePrice>0.05</UnitOfMeasurePrice>
      <AllowDiscount>1</AllowDiscount>
      <ItemStatus>2</ItemStatus>
    </Item>
    <Item>
      <PriceUpdateTime>2025-01-01T14:00:02.000</PriceUpdateTime>
      <ItemCode>7804414017141</ItemCode>
      <LastSaleDateTime>2015-01-01T00:00:00.000</LastSaleDateTime>
      <ItemType>1</ItemType>
      <ItemName>יין מרלו מונטסאנו 75</ItemName>
      <ManufactureName>לא ידוע</ManufactureName>
      <ManufactureCountry>לא ידוע</ManufactureCountry>
      <ManufactureItemDescription>יין מרלו מונטסאנו 75</ManufactureItemDescription>
      <UnitQty>לא ידוע</UnitQty>
      <Quantity>750.00</Quantity>
      <UnitOfMeasure>100 מ"ל</UnitOfMeasure>
      <bIsWeighted>0</bIsWeighted>
      <QtyInPackage>לא ידוע</QtyInPackage>
      <ItemPrice>36.30</ItemPrice>
      <UnitOfMeasurePrice>0.05</UnitOfMeasurePrice>
      <AllowDiscount>1</AllowDiscount>
      <ItemStatus/>
    </Item>
    <Item>
      <PriceUpdateTime>2025-01-01T14:00:02.000</PriceUpdateTime>
      <ItemCode>7804414014058</ItemCode>
      <LastSaleDateTime>2015-01-01T00:00:00.000</LastSaleDateTime>
      <ItemType>1</ItemType>
      <ItemName>קזה די לואיג'י סובינ</ItemName>
      <ManufactureName>לא ידוע</ManufactureName>
      <ManufactureCountry>לא ידוע</ManufactureCountry>
      <ManufactureItemDescription>קזה די לואיג'י סובינ</ManufactureItemDescription>
      <UnitQty>לא ידוע</UnitQty>
      <Quantity>750.00</Quantity>
      <UnitOfMeasure>100 מ"ל</UnitOfMeasure>
      <bIsWeighted>0</bIsWeighted>
      <QtyInPackage>לא ידוע</QtyInPackage>
      <ItemPrice>25.20</ItemPrice>
      <UnitOfMeasurePrice>0.03</UnitOfMeasurePrice>
      <AllowDiscount>1</AllowDiscount>
      <ItemStatus>2</ItemStatus>
    </Item>
    <Item>
      <PriceUpdateTime>2025-01-01T14:00:02.000</PriceUpdateTime>
      <ItemCode>7804414014058</ItemCode>
      <LastSaleDateTime>2015-01-01T00:00:00.000</LastSaleDateTime>
      <ItemType>1</ItemType>
      <ItemName>קזה די לואיג'י סובינ</ItemName>
      <ManufactureName>לא ידוע</ManufactureName>
      <ManufactureCountry>לא ידוע</ManufactureCountry>
      <ManufactureItemDescription>קזה די לואיג'י סובינ</ManufactureItemDescription>
      <UnitQty>לא ידוע</UnitQty>
      <Quantity>750.00</Quantity>
      <UnitOfMeasure>100 מ"ל</UnitOfMeasure>
      <bIsWeighted>0</bIsWeighted>
      <QtyInPackage>לא ידוע</QtyInPackage>
      <ItemPrice>25.20</ItemPrice>
      <UnitOfMeasurePrice>0.03</UnitOfMeasurePrice>
      <AllowDiscount>1</AllowDiscount>
      <ItemStatus/>
    </Item>
    <Item>
      <PriceUpdateTime>2025-01-01T14:00:02.000</PriceUpdateTime>
      <ItemCode>7804414017219</ItemCode>
      <LastSaleDateTime>2015-01-01T00:00:00.000</LastSaleDateTime>
      <ItemType>1</ItemType>
      <ItemName>יין מאלבק מונטסאנו 7</ItemName>
      <ManufactureName>לא ידוע</ManufactureName>
      <ManufactureCountry>לא ידוע</ManufactureCountry>
      <ManufactureItemDescription>יין מאלבק מונטסאנו 7</ManufactureItemDescription>
      <UnitQty>מטרים</UnitQty>
      <Quantity>750.00</Quantity>
      <UnitOfMeasure>100 מ'ל</UnitOfMeasure>
      <bIsWeighted>0</bIsWeighted>
      <QtyInPackage>לא ידוע</QtyInPackage>
      <ItemPrice>36.30</ItemPrice>
      <UnitOfMeasurePrice>0.05</UnitOfMeasurePrice>
      <AllowDiscount>1</AllowDiscount>
      <ItemStatus>2</ItemStatus>
    </Item>
    <Item>
      <PriceUpdateTime>2025-01-01T14:00:02.000</PriceUpdateTime>
      <ItemCode>7804414017219</ItemCode>
      <LastSaleDateTime>2015-01-01T00:00:00.000</LastSaleDateTime>
      <ItemType>1</ItemType>
      <ItemName>יין מאלבק מונטסאנו 7</ItemName>
      <ManufactureName>לא ידוע</ManufactureName>
      <ManufactureCountry>לא ידוע</ManufactureCountry>
      <ManufactureItemDescription>יין מאלבק מונטסאנו 7</ManufactureItemDescription>
      <UnitQty>מטרים</UnitQty>
      <Quantity>750.00</Quantity>
      <UnitOfMeasure>100 מ'ל</UnitOfMeasure>
      <bIsWeighted>0</bIsWeighted>
      <QtyInPackage>לא ידוע</QtyInPackage>
      <ItemPrice>36.30</ItemPrice>
      <UnitOfMeasurePrice>0.05</UnitOfMeasurePrice>
      <AllowDiscount>1</AllowDiscount>
      <ItemStatus/>
    </Item>
    <Item>
      <PriceUpdateTime>2025-01-01T14:00:02.000</PriceUpdateTime>
      <ItemCode>7804414021384</ItemCode>
      <LastSaleDateTime>2015-01-01T00:00:00.000</LastSaleDateTime>
      <ItemType>1</ItemType>
      <ItemName>מונטסאנו סוביניון בל</ItemName>
      <ManufactureName>לא ידוע</ManufactureName>
      <ManufactureCountry>לא ידוע</ManufactureCountry>
      <ManufactureItemDescription>מונטסאנו סוביניון בל</ManufactureItemDescription>
      <UnitQty>לא ידוע</UnitQty>
      <Quantity>750.00</Quantity>
      <UnitOfMeasure>100 מ"ל</UnitOfMeasure>
      <bIsWeighted>0</bIsWeighted>
      <QtyInPackage>לא ידוע</QtyInPackage>
      <ItemPrice>36.30</ItemPrice>
      <UnitOfMeasurePrice>0.05</UnitOfMeasurePrice>
      <AllowDiscount>1</AllowDiscount>
      <ItemStatus>2</ItemStatus>
    </Item>
    <Item>
      <PriceUpdateTime>2025-01-01T14:00:02.000</PriceUpdateTime>
      <ItemCode>7804414021384</ItemCode>
      <LastSaleDateTime>2015-01-01T00:00:00.000</LastSaleDateTime>
      <ItemType>1</ItemType>
      <ItemName>מונטסאנו סוביניון בל</ItemName>
      <ManufactureName>לא ידוע</ManufactureName>
      <ManufactureCountry>לא ידוע</ManufactureCountry>
      <ManufactureItemDescription>מונטסאנו סוביניון בל</ManufactureItemDescription>
      <UnitQty>לא ידוע</UnitQty>
      <Quantity>750.00</Quantity>
      <UnitOfMeasure>100 מ"ל</UnitOfMeasure>
      <bIsWeighted>0</bIsWeighted>
      <QtyInPackage>לא ידוע</QtyInPackage>
      <ItemPrice>36.30</ItemPrice>
      <UnitOfMeasurePrice>0.05</UnitOfMeasurePrice>
      <AllowDiscount>1</AllowDiscount>
      <ItemStatus/>
    </Item>
    <Item>
      <PriceUpdateTime>2025-01-01T14:00:03.000</PriceUpdateTime>
      <ItemCode>8002450206508</ItemCode>
      <LastSaleDateTime>2015-01-01T00:00:00.000</LastSaleDateTime>
      <ItemType>1</ItemType>
      <ItemName>קזה די לואיג'י קברנה</ItemName>
      <ManufactureName>לואיס פליפה אדוארדס</ManufactureName>
      <ManufactureCountry>צילה</ManufactureCountry>
      <ManufactureItemDescription>קזה די לואיג'י קברנה כשר</ManufactureItemDescription>
      <UnitQty>לא ידוע</UnitQty>
      <Quantity>750.00</Quantity>
      <UnitOfMeasure>100 מ"ל</UnitOfMeasure>
      <bIsWeighted>0</bIsWeighted>
      <QtyInPackage>לא ידוע</QtyInPackage>
      <ItemPrice>30.20</ItemPrice>
      <UnitOfMeasurePrice>0.04</UnitOfMeasurePrice>
      <AllowDiscount>1</AllowDiscount>
      <ItemStatus>2</ItemStatus>
    </Item>
    <Item>
      <PriceUpdateTime>2025-01-01T14:00:03.000</PriceUpdateTime>
      <ItemCode>8002450206508</ItemCode>
      <LastSaleDateTime>2015-01-01T00:00:00.000</LastSaleDateTime>
      <ItemType>1</ItemType>
      <ItemName>קזה די לואיג'י קברנה</ItemName>
      <ManufactureName>לואיס פליפה אדוארדס</ManufactureName>
      <ManufactureCountry>צילה</ManufactureCountry>
      <ManufactureItemDescription>קזה די לואיג'י קברנה כשר</ManufactureItemDescription>
      <UnitQty>לא ידוע</UnitQty>
      <Quantity>750.00</Quantity>
      <UnitOfMeasure>100 מ"ל</UnitOfMeasure>
      <bIsWeighted>0</bIsWeighted>
      <QtyInPackage>לא ידוע</QtyInPackage>
      <ItemPrice>30.20</ItemPrice>
      <UnitOfMeasurePrice>0.04</UnitOfMeasurePrice>
      <AllowDiscount>1</AllowDiscount>
      <ItemStatus/>
    </Item>
    <Item>
      <PriceUpdateTime>2025-01-01T14:00:03.000</PriceUpdateTime>
      <ItemCode>8002450206522</ItemCode>
      <LastSaleDateTime>2015-01-01T00:00:00.000</LastSaleDateTime>
      <ItemType>1</ItemType>
      <ItemName>קזה די לואיג'י מרלו</ItemName>
      <ManufactureName>לואיס פליפה אדוארדס</ManufactureName>
      <ManufactureCountry>צילה</ManufactureCountry>
      <ManufactureItemDescription>קזה די לואיג'י מרלו כשר</ManufactureItemDescription>
      <UnitQty>לא ידוע</UnitQty>
      <Quantity>750.00</Quantity>
      <UnitOfMeasure>100 מ"ל</UnitOfMeasure>
      <bIsWeighted>0</bIsWeighted>
      <QtyInPackage>לא ידוע</QtyInPackage>
      <ItemPrice>30.20</ItemPrice>
      <UnitOfMeasurePrice>0.04</UnitOfMeasurePrice>
      <AllowDiscount>1</AllowDiscount>
      <ItemStatus>2</ItemStatus>
    </Item>
    <Item>
      <PriceUpdateTime>2025-01-01T14:00:03.000</PriceUpdateTime>
      <ItemCode>8002450206522</ItemCode>
      <LastSaleDateTime>2015-01-01T00:00:00.000</LastSaleDateTime>
      <ItemType>1</ItemType>
      <ItemName>קזה די לואיג'י מרלו</ItemName>
      <ManufactureName>לואיס פליפה אדוארדס</ManufactureName>
      <ManufactureCountry>צילה</ManufactureCountry>
      <ManufactureItemDescription>קזה די לואיג'י מרלו כשר</ManufactureItemDescription>
      <UnitQty>לא ידוע</UnitQty>
      <Quantity>750.00</Quantity>
      <UnitOfMeasure>100 מ"ל</UnitOfMeasure>
      <bIsWeighted>0</bIsWeighted>
      <QtyInPackage>לא ידוע</QtyInPackage>
      <ItemPrice>30.20</ItemPrice>
      <UnitOfMeasurePrice>0.04</UnitOfMeasurePrice>
      <AllowDiscount>1</AllowDiscount>
      <ItemStatus/>
    </Item>
    <Item>
      <PriceUpdateTime>2025-01-01T14:00:35.000</PriceUpdateTime>
      <ItemCode>839762000641</ItemCode>
      <LastSaleDateTime>2026-01-29T19:49:11.000</LastSaleDateTime>
      <ItemType>1</ItemType>
      <ItemName>נקטר מנגו איילנד 1 ל</ItemName>
      <ManufactureName>טמפו</ManufactureName>
      <ManufactureCountry>לא ידוע</ManufactureCountry>
      <ManufactureItemDescription>נקטר מנגו איילנד 1 ל</ManufactureItemDescription>
      <UnitQty>ליטר</UnitQty>
      <Quantity>1.00</Quantity>
      <UnitOfMeasure>ליטר    </UnitOfMeasure>
      <bIsWeighted>0</bIsWeighted>
      <QtyInPackage>לא ידוע</QtyInPackage>
      <ItemPrice>10.00</ItemPrice>
      <UnitOfMeasurePrice>10.00</UnitOfMeasurePrice>
      <AllowDiscount>1</AllowDiscount>
      <ItemStatus/>
    </Item>
    <Item>
      <PriceUpdateTime>2025-01-01T14:00:35.000</PriceUpdateTime>
      <ItemCode>839762000658</ItemCode>
      <LastSaleDateTime>2026-01-29T13:56:31.000</LastSaleDateTime>
      <ItemType>1</ItemType>
      <ItemName>נקטר גויאבה איילנד 1</ItemName>
      <ManufactureName>לא ידוע</ManufactureName>
      <ManufactureCountry>מקסיקו</ManufactureCountry>
      <ManufactureItemDescription>נקטר גויאבה איילנד 1</ManufactureItemDescription>
      <UnitQty>ליטר</UnitQty>
      <Quantity>1.00</Quantity>
      <UnitOfMeasure>ליטר    </UnitOfMeasure>
      <bIsWeighted>0</bIsWeighted>
      <QtyInPackage>לא ידוע</QtyInPackage>
      <ItemPrice>10.00</ItemPrice>
      <UnitOfMeasurePrice>10.00</UnitOfMeasurePrice>
      <AllowDiscount>1</AllowDiscount>
      <ItemStatus/>
    </Item>
    <Item>
      <PriceUpdateTime>2025-01-01T14:01:49.000</PriceUpdateTime>
      <ItemCode>7290018810064</ItemCode>
      <LastSaleDateTime>2015-01-01T00:00:00.000</LastSaleDateTime>
      <ItemType>1</ItemType>
      <ItemName>קאווה צ'ילינג יבש מב</ItemName>
      <ManufactureName>לא ידוע</ManufactureName>
      <ManufactureCountry>לא ידוע</ManufactureCountry>
      <ManufactureItemDescription>קאווה צ'ילינג יבש מב</ManufactureItemDescription>
      <UnitQty>לא ידוע</UnitQty>
      <Quantity>750.00</Quantity>
      <UnitOfMeasure>100 מ"ל</UnitOfMeasure>
      <bIsWeighted>0</bIsWeighted>
      <QtyInPackage>לא ידוע</QtyInPackage>
      <ItemPrice>33.30</ItemPrice>
      <UnitOfMeasurePrice>0.04</UnitOfMeasurePrice>
      <AllowDiscount>1</AllowDiscount>
      <ItemStatus>2</ItemStatus>
    </Item>
    <Item>
      <PriceUpdateTime>2025-01-01T14:01:49.000</PriceUpdateTime>
      <ItemCode>7290018810064</ItemCode>
      <LastSaleDateTime>2015-01-01T00:00:00.000</LastSaleDateTime>
      <ItemType>1</ItemType>
      <ItemName>קאווה צ'ילינג יבש מב</ItemName>
      <ManufactureName>לא ידוע</ManufactureName>
      <ManufactureCountry>לא ידוע</ManufactureCountry>
      <ManufactureItemDescription>קאווה צ'ילינג יבש מב</ManufactureItemDescription>
      <UnitQty>לא ידוע</UnitQty>
      <Quantity>750.00</Quantity>
      <UnitOfMeasure>100 מ"ל</UnitOfMeasure>
      <bIsWeighted>0</bIsWeighted>
      <QtyInPackage>לא ידוע</QtyInPackage>
      <ItemPrice>33.30</ItemPrice>
      <UnitOfMeasurePrice>0.04</UnitOfMeasurePrice>
      <AllowDiscount>1</AllowDiscount>
      <ItemStatus/>
    </Item>
    <Item>
      <PriceUpdateTime>2025-01-01T14:01:49.000</PriceUpdateTime>
      <ItemCode>7290018810262</ItemCode>
      <LastSaleDateTime>2015-01-01T00:00:00.000</LastSaleDateTime>
      <ItemType>1</ItemType>
      <ItemName>קאווה צ'ילינג חצי יב</ItemName>
      <ManufactureName>לא ידוע</ManufactureName>
      <ManufactureCountry>לא ידוע</ManufactureCountry>
      <ManufactureItemDescription>קאווה צ'ילינג חצי יב</ManufactureItemDescription>
      <UnitQty>לא ידוע</UnitQty>
      <Quantity>750.00</Quantity>
      <UnitOfMeasure>100 מ"ל</UnitOfMeasure>
      <bIsWeighted>0</bIsWeighted>
      <QtyInPackage>לא ידוע</QtyInPackage>
      <ItemPrice>33.30</ItemPrice>
      <UnitOfMeasurePrice>0.04</UnitOfMeasurePrice>
      <AllowDiscount>1</AllowDiscount>
      <ItemStatus>2</ItemStatus>
    </Item>
    <Item>
      <PriceUpdateTime>2025-01-01T14:01:49.000</PriceUpdateTime>
      <ItemCode>7290018810262</ItemCode>
      <LastSaleDateTime>2015-01-01T00:00:00.000</LastSaleDateTime>
      <ItemType>1</ItemType>
      <ItemName>קאווה צ'ילינג חצי יב</ItemName>
      <ManufactureName>לא ידוע</ManufactureName>
      <ManufactureCountry>לא ידוע</ManufactureCountry>
      <ManufactureItemDescription>קאווה צ'ילינג חצי יב</ManufactureItemDescription>
      <UnitQty>לא ידוע</UnitQty>
      <Quantity>750.00</Quantity>
      <UnitOfMeasure>100 מ"ל</UnitOfMeasure>
      <bIsWeighted>0</bIsWeighted>
      <QtyInPackage>לא ידוע</QtyInPackage>
      <ItemPrice>33.30</ItemPrice>
      <UnitOfMeasurePrice>0.04</UnitOfMeasurePrice>
      <AllowDiscount>1</AllowDiscount>
      <ItemStatus/>
    </Item>
    <Item>
      <PriceUpdateTime>2025-01-01T14:03:26.000</PriceUpdateTime>
      <ItemCode>7290003208128</ItemCode>
      <LastSaleDateTime>2025-12-31T15:48:14.000</LastSaleDateTime>
      <ItemType>1</ItemType>
      <ItemName>קאווה גודופרדו ברוט</ItemName>
      <ManufactureName>לא ידוע</ManufactureName>
      <ManufactureCountry>לא ידוע</ManufactureCountry>
      <ManufactureItemDescription>קאווה גודופרדו ברוט</ManufactureItemDescription>
      <UnitQty>לא ידוע</UnitQty>
      <Quantity>1.00</Quantity>
      <UnitOfMeasure>יח'</UnitOfMeasure>
      <bIsWeighted>0</bIsWeighted>
      <QtyInPackage>לא ידוע</QtyInPackage>
      <ItemPrice>37.30</ItemPrice>
      <UnitOfMeasurePrice>37.30</UnitOfMeasurePrice>
      <AllowDiscount>1</AllowDiscount>
      <ItemStatus/>
    </Item>
    <Item>
      <PriceUpdateTime>2025-01-01T14:03:27.000</PriceUpdateTime>
      <ItemCode>8000570283607</ItemCode>
      <LastSaleDateTime>2026-01-13T21:31:01.000</LastSaleDateTime>
      <ItemType>1</ItemType>
      <ItemName>יין מבעבע מרטיני אסט</ItemName>
      <ManufactureName>לא ידוע</ManufactureName>
      <ManufactureCountry>לא ידוע</ManufactureCountry>
      <ManufactureItemDescription>יין מבעבע מרטיני אסט</ManufactureItemDescription>
      <UnitQty>לא ידוע</UnitQty>
      <Quantity>750.00</Quantity>
      <UnitOfMeasure>100 מ"ל</UnitOfMeasure>
      <bIsWeighted>0</bIsWeighted>
      <QtyInPackage>לא ידוע</QtyInPackage>
      <ItemPrice>72.70</ItemPrice>
      <UnitOfMeasurePrice>0.10</UnitOfMeasurePrice>
      <AllowDiscount>1</AllowDiscount>
      <ItemStatus/>
    </Item>
    <Item>
      <PriceUpdateTime>2025-01-01T14:03:27.000</PriceUpdateTime>
      <ItemCode>8017450002104</ItemCode>
      <LastSaleDateTime>2025-12-07T00:00:00.000</LastSaleDateTime>
      <ItemType>1</ItemType>
      <ItemName>לימונצ'לו די קאפרי 7</ItemName>
      <ManufactureName>לא ידוע</ManufactureName>
      <ManufactureCountry>לא ידוע</ManufactureCountry>
      <ManufactureItemDescription>לימונצ'לו די קאפרי 7</ManufactureItemDescription>
      <UnitQty>לא ידוע</UnitQty>
      <Quantity>700.00</Quantity>
      <UnitOfMeasure>100 מ"ל</UnitOfMeasure>
      <bIsWeighted>0</bIsWeighted>
      <QtyInPackage>לא ידוע</QtyInPackage>
      <ItemPrice>99.90</ItemPrice>
      <UnitOfMeasurePrice>0.14</UnitOfMeasurePrice>
      <AllowDiscount>1</AllowDiscount>
      <ItemStatus/>
    </Item>
    <Item>
      <PriceUpdateTime>2025-01-01T16:20:45.000</PriceUpdateTime>
      <ItemCode>7290100412343</ItemCode>
      <LastSaleDateTime>2026-01-22T17:17:33.000</LastSaleDateTime>
      <ItemType>1</ItemType>
      <ItemName>קוויק מגבונים לניקוי</ItemName>
      <ManufactureName>די.פי.אל</ManufactureName>
      <ManufactureCountry>ישראל</ManufactureCountry>
      <ManufactureItemDescription>קוויק מגבונים לניקוי</ManufactureItemDescription>
      <UnitQty>לא ידוע</UnitQty>
      <Quantity>50.00</Quantity>
      <UnitOfMeasure>יח'</UnitOfMeasure>
      <bIsWeighted>0</bIsWeighted>
      <QtyInPackage>לא ידוע</QtyInPackage>
      <ItemPrice>8.00</ItemPrice>
      <UnitOfMeasurePrice>0.16</UnitOfMeasurePrice>
      <AllowDiscount>1</AllowDiscount>
      <ItemStatus/>
    </Item>
    <Item>
      <PriceUpdateTime>2025-01-01T16:21:16.000</PriceUpdateTime>
      <ItemCode>7296168017261</ItemCode>
      <LastSaleDateTime>2026-01-29T12:36:54.000</LastSaleDateTime>
      <ItemType>1</ItemType>
      <ItemName>פלסטר ילדים 30יח</ItemName>
      <ManufactureName>לא ידוע</ManufactureName>
      <ManufactureCountry>לא ידוע</ManufactureCountry>
      <ManufactureItemDescription>פלסטר ילדים 30יח</ManufactureItemDescription>
      <UnitQty>לא ידוע</UnitQty>
      <Quantity>1.00</Quantity>
      <UnitOfMeasure>יח'</UnitOfMeasure>
      <bIsWeighted>0</bIsWeighted>
      <QtyInPackage>לא ידוע</QtyInPackage>
      <ItemPrice>7.00</ItemPrice>
      <UnitOfMeasurePrice>7.00</UnitOfMeasurePrice>
      <AllowDiscount>1</AllowDiscount>
      <ItemStatus/>
    </Item>
    <Item>
      <PriceUpdateTime>2025-01-01T16:25:08.000</PriceUpdateTime>
      <ItemCode>7290015835060</ItemCode>
      <LastSaleDateTime>2026-01-22T20:07:15.000</LastSaleDateTime>
      <ItemType>1</ItemType>
      <ItemName>כריות קרצוף רמי לוי</ItemName>
      <ManufactureName>רמי לוי</ManufactureName>
      <ManufactureCountry>לא ידוע</ManufactureCountry>
      <ManufactureItemDescription>כריות קרצוף רמי לוי</ManufactureItemDescription>
      <UnitQty>לא ידוע</UnitQty>
      <Quantity>10.00</Quantity>
      <UnitOfMeasure>יח'</UnitOfMeasure>
      <bIsWeighted>0</bIsWeighted>
      <QtyInPackage>לא ידוע</QtyInPackage>
      <ItemPrice>5.20</ItemPrice>
      <UnitOfMeasurePrice>0.52</UnitOfMeasurePrice>
      <AllowDiscount>1</AllowDiscount>
      <ItemStatus/>
    </Item>
    <Item>
      <PriceUpdateTime>2025-01-01T16:25:08.000</PriceUpdateTime>
      <ItemCode>7290015835077</ItemCode>
      <LastSaleDateTime>2026-01-29T18:30:07.000</LastSaleDateTime>
      <ItemType>1</ItemType>
      <ItemName>ברזלית צילינדר רמי ל</ItemName>
      <ManufactureName>פלסטו פוליש</ManufactureName>
      <ManufactureCountry>ישראל</ManufactureCountry>
      <ManufactureItemDescription>ברזלית צילינדר רמי ל</ManufactureItemDescription>
      <UnitQty>לא ידוע</UnitQty>
      <Quantity>4.00</Quantity>
      <UnitOfMeasure>יח'</UnitOfMeasure>
      <bIsWeighted>0</bIsWeighted>
      <QtyInPackage>לא ידוע</QtyInPackage>
      <ItemPrice>8.00</ItemPrice>
      <UnitOfMeasurePrice>2.00</UnitOfMeasurePrice>
      <AllowDiscount>1</AllowDiscount>
      <ItemStatus/>
    </Item>
    <Item>
      <PriceUpdateTime>2025-01-01T16:25:08.000</PriceUpdateTime>
      <ItemCode>7290019337423</ItemCode>
      <LastSaleDateTime>2026-01-29T09:23:38.000</LastSaleDateTime>
      <ItemType>1</ItemType>
      <ItemName>מטליות רמי לוי 9 יח</ItemName>
      <ManufactureName>לא ידוע</ManufactureName>
      <ManufactureCountry>לא ידוע</ManufactureCountry>
      <ManufactureItemDescription>מטליות רמי לוי 9 יח</ManufactureItemDescription>
      <UnitQty>לא ידוע</UnitQty>
      <Quantity>9.00</Quantity>
      <UnitOfMeasure>יח'</UnitOfMeasure>
      <bIsWeighted>0</bIsWeighted>
      <QtyInPackage>לא ידוע</QtyInPackage>
      <ItemPrice>8.00</ItemPrice>
      <UnitOfMeasurePrice>0.89</UnitOfMeasurePrice>
      <AllowDiscount>1</AllowDiscount>
      <ItemStatus/>
    </Item>
    <Item>
      <PriceUpdateTime>2025-01-01T16:27:26.000</PriceUpdateTime>
      <ItemCode>7290019014812</ItemCode>
      <LastSaleDateTime>2026-01-29T13:41:08.000</LastSaleDateTime>
      <ItemType>1</ItemType>
      <ItemName>מרסס מנטרל ריחות 500</ItemName>
      <ManufactureName>לא ידוע</ManufactureName>
      <ManufactureCountry>לא ידוע</ManufactureCountry>
      <ManufactureItemDescription>מרסס מנטרל ריחות 500</ManufactureItemDescription>
      <UnitQty>לא ידוע</UnitQty>
      <Quantity>500.00</Quantity>
      <UnitOfMeasure>100 מ"ל</UnitOfMeasure>
      <bIsWeighted>0</bIsWeighted>
      <QtyInPackage>לא ידוע</QtyInPackage>
      <ItemPrice>19.90</ItemPrice>
      <UnitOfMeasurePrice>0.04</UnitOfMeasurePrice>
      <AllowDiscount>1</AllowDiscount>
      <ItemStatus/>
    </Item>
    <Item>
      <PriceUpdateTime>2025-01-01T16:27:27.000</PriceUpdateTime>
      <ItemCode>7290019274315</ItemCode>
      <LastSaleDateTime>2026-01-22T12:14:09.000</LastSaleDateTime>
      <ItemType>1</ItemType>
      <ItemName>קוקהנומיקה בריח לבנד</ItemName>
      <ManufactureName>לא ידוע</ManufactureName>
      <ManufactureCountry>לא ידוע</ManufactureCountry>
      <ManufactureItemDescription>קוקהנומיקה בריח לבנד</ManufactureItemDescription>
      <UnitQty>יחידות</UnitQty>
      <Quantity>0.00</Quantity>
      <UnitOfMeasure>יחידה   </UnitOfMeasure>
      <bIsWeighted>0</bIsWeighted>
      <QtyInPackage>לא ידוע</QtyInPackage>
      <ItemPrice>12.90</ItemPrice>
      <UnitOfMeasurePrice>0.00</UnitOfMeasurePrice>
      <AllowDiscount>1</AllowDiscount>
      <ItemStatus/>
    </Item>
    <Item>
      <PriceUpdateTime>2025-01-01T16:27:28.000</PriceUpdateTime>
      <ItemCode>7290019274735</ItemCode>
      <LastSaleDateTime>2026-01-22T16:59:22.000</LastSaleDateTime>
      <ItemType>1</ItemType>
      <ItemName>ג'ל אסלות 900 מ"ל TN</ItemName>
      <ManufactureName>לא ידוע</ManufactureName>
      <ManufactureCountry>לא ידוע</ManufactureCountry>
      <ManufactureItemDescription>ג'ל אסלות 900 מ"ל TN</ManufactureItemDescription>
      <UnitQty>יחידות</UnitQty>
      <Quantity>0.00</Quantity>
      <UnitOfMeasure>יחידה   </UnitOfMeasure>
      <bIsWeighted>0</bIsWeighted>
      <QtyInPackage>לא ידוע</QtyInPackage>
      <ItemPrice>12.90</ItemPrice>
      <UnitOfMeasurePrice>0.00</UnitOfMeasurePrice>
      <AllowDiscount>1</AllowDiscount>
      <ItemStatus/>
    </Item>
    <Item>
      <PriceUpdateTime>2025-01-01T16:28:14.000</PriceUpdateTime>
      <ItemCode>7290018566060</ItemCode>
      <LastSaleDateTime>2026-01-22T20:26:16.000</LastSaleDateTime>
      <ItemType>1</ItemType>
      <ItemName>שקד * מולבן חצוי 200</ItemName>
      <ManufactureName>לא ידוע</ManufactureName>
      <ManufactureCountry>לא ידוע</ManufactureCountry>
      <ManufactureItemDescription>שקד * מולבן חצוי 200</ManufactureItemDescription>
      <UnitQty>גרם</UnitQty>
      <Quantity>200.00</Quantity>
      <UnitOfMeasure>100 גרם</UnitOfMeasure>
      <bIsWeighted>0</bIsWeighted>
      <QtyInPackage>לא ידוע</QtyInPackage>
      <ItemPrice>16.10</ItemPrice>
      <UnitOfMeasurePrice>8.05</UnitOfMeasurePrice>
      <AllowDiscount>1</AllowDiscount>
      <ItemStatus/>
    </Item>
    <Item>
      <PriceUpdateTime>2025-01-01T16:28:17.000</PriceUpdateTime>
      <ItemCode>7290119670383</ItemCode>
      <LastSaleDateTime>2026-01-29T11:25:31.000</LastSaleDateTime>
      <ItemType>1</ItemType>
      <ItemName>שומשום 200 גר בשקית</ItemName>
      <ManufactureName>לא ידוע</ManufactureName>
      <ManufactureCountry>לא ידוע</ManufactureCountry>
      <ManufactureItemDescription>שומשום 200 גר בשקית</ManufactureItemDescription>
      <UnitQty>גרם</UnitQty>
      <Quantity>200.00</Quantity>
      <UnitOfMeasure>100 גרם</UnitOfMeasure>
      <bIsWeighted>0</bIsWeighted>
      <QtyInPackage>לא ידוע</QtyInPackage>
      <ItemPrice>6.00</ItemPrice>
      <UnitOfMeasurePrice>3.00</UnitOfMeasurePrice>
      <AllowDiscount>1</AllowDiscount>
      <ItemStatus/>
    </Item>
    <Item>
      <PriceUpdateTime>2025-01-01T16:28:18.000</PriceUpdateTime>
      <ItemCode>7290119670437</ItemCode>
      <LastSaleDateTime>2026-01-22T16:20:17.000</LastSaleDateTime>
      <ItemType>1</ItemType>
      <ItemName>מנגו *מיובש במרקם רך</ItemName>
      <ManufactureName>לא ידוע</ManufactureName>
      <ManufactureCountry>לא ידוע</ManufactureCountry>
      <ManufactureItemDescription>מנגו *מיובש במרקם רך</ManufactureItemDescription>
      <UnitQty>גרם</UnitQty>
      <Quantity>160.00</Quantity>
      <UnitOfMeasure>100 גרם</UnitOfMeasure>
      <bIsWeighted>0</bIsWeighted>
      <QtyInPackage>לא ידוע</QtyInPackage>
      <ItemPrice>16.10</ItemPrice>
      <UnitOfMeasurePrice>10.06</UnitOfMeasurePrice>
      <AllowDiscount>1</AllowDiscount>
      <ItemStatus/>
    </Item>
    <Item>
      <PriceUpdateTime>2025-01-01T16:28:26.000</PriceUpdateTime>
      <ItemCode>42299363</ItemCode>
      <LastSaleDateTime>2026-01-28T21:23:10.000</LastSaleDateTime>
      <ItemType>1</ItemType>
      <ItemName>דאו רול און פרש לגבר</ItemName>
      <ManufactureName>לא ידוע</ManufactureName>
      <ManufactureCountry>לא ידוע</ManufactureCountry>
      <ManufactureItemDescription>דאו רול און פרש לגבר</ManufactureItemDescription>
      <UnitQty>לא ידוע</UnitQty>
      <Quantity>50.00</Quantity>
      <UnitOfMeasure>100 מ"ל</UnitOfMeasure>
      <bIsWeighted>0</bIsWeighted>
      <QtyInPackage>לא ידוע</QtyInPackage>
      <ItemPrice>14.00</ItemPrice>
      <UnitOfMeasurePrice>0.28</UnitOfMeasurePrice>
      <AllowDiscount>1</AllowDiscount>
      <ItemStatus/>
    </Item>
    <Item>
      <PriceUpdateTime>2025-01-01T16:28:28.000</PriceUpdateTime>
      <ItemCode>37977050059</ItemCode>
      <LastSaleDateTime>2026-01-29T21:21:57.000</LastSaleDateTime>
      <ItemType>1</ItemType>
      <ItemName>מוצץ לתינוק ללא ביספ</ItemName>
      <ManufactureName>מאם</ManufactureName>
      <ManufactureCountry>לא ידוע</ManufactureCountry>
      <ManufactureItemDescription>מוצץ לתינוק ללא ביספ</ManufactureItemDescription>
      <UnitQty>לא ידוע</UnitQty>
      <Quantity>2.00</Quantity>
      <UnitOfMeasure>יח'</UnitOfMeasure>
      <bIsWeighted>0</bIsWeighted>
      <QtyInPackage>לא ידוע</QtyInPackage>
      <ItemPrice>39.30</ItemPrice>
      <UnitOfMeasurePrice>19.65</UnitOfMeasurePrice>
      <AllowDiscount>1</AllowDiscount>
      <ItemStatus/>
    </Item>
    <Item>
      <PriceUpdateTime>2025-01-01T16:28:32.000</PriceUpdateTime>
      <ItemCode>3600523279111</ItemCode>
      <LastSaleDateTime>2026-01-28T13:23:12.000</LastSaleDateTime>
      <ItemType>1</ItemType>
      <ItemName>דרמו רויטליפט קלאסי</ItemName>
      <ManufactureName>לא ידוע</ManufactureName>
      <ManufactureCountry>לא ידוע</ManufactureCountry>
      <ManufactureItemDescription>דרמו רויטליפט קלאסי</ManufactureItemDescription>
      <UnitQty>לא ידוע</UnitQty>
      <Quantity>1.00</Quantity>
      <UnitOfMeasure>יח'</UnitOfMeasure>
      <bIsWeighted>0</bIsWeighted>
      <QtyInPackage>לא ידוע</QtyInPackage>
      <ItemPrice>70.70</ItemPrice>
      <UnitOfMeasurePrice>70.70</UnitOfMeasurePrice>
      <AllowDiscount>1</AllowDiscount>
      <ItemStatus/>
    </Item>
    <Item>
      <PriceUpdateTime>2025-01-01T16:28:44.000</PriceUpdateTime>
      <ItemCode>4005900639554</ItemCode>
      <LastSaleDateTime>2026-01-29T17:42:57.000</LastSaleDateTime>
      <ItemType>1</ItemType>
      <ItemName>ניוואה דאודורנט רול-</ItemName>
      <ManufactureName>לא ידוע</ManufactureName>
      <ManufactureCountry>לא ידוע</ManufactureCountry>
      <ManufactureItemDescription>ניוואה דאודורנט רול-</ManufactureItemDescription>
      <UnitQty>לא ידוע</UnitQty>
      <Quantity>50.00</Quantity>
      <UnitOfMeasure>100 מ"ל</UnitOfMeasure>
      <bIsWeighted>0</bIsWeighted>
      <QtyInPackage>לא ידוע</QtyInPackage>
      <ItemPrice>14.00</ItemPrice>
      <UnitOfMeasurePrice>0.28</UnitOfMeasurePrice>
      <AllowDiscount>1</AllowDiscount>
      <ItemStatus/>
    </Item>
    <Item>
      <PriceUpdateTime>2025-01-01T16:28:52.000</PriceUpdateTime>
      <ItemCode>5011408028034</ItemCode>
      <LastSaleDateTime>2026-01-22T20:49:28.000</LastSaleDateTime>
      <ItemType>1</ItemType>
      <ItemName>ספריי לשיער חזק מאוד</ItemName>
      <ManufactureName>לוריאל</ManufactureName>
      <ManufactureCountry>לא ידוע</ManufactureCountry>
      <ManufactureItemDescription>ספריי לשיער חזק מאוד</ManufactureItemDescription>
      <UnitQty>לא ידוע</UnitQty>
      <Quantity>400.00</Quantity>
      <UnitOfMeasure>100 מ"ל</UnitOfMeasure>
      <bIsWeighted>0</bIsWeighted>
      <QtyInPackage>לא ידוע</QtyInPackage>
      <ItemPrice>34.30</ItemPrice>
      <UnitOfMeasurePrice>0.09</UnitOfMeasurePrice>
      <AllowDiscount>1</AllowDiscount>
      <ItemStatus/>
    </Item>
    <Item>
      <PriceUpdateTime>2025-01-01T16:28:52.000</PriceUpdateTime>
      <ItemCode>5028763009332</ItemCode>
      <LastSaleDateTime>2026-01-22T15:54:18.000</LastSaleDateTime>
      <ItemType>1</ItemType>
      <ItemName>מברשת שיניים צעד צעד</ItemName>
      <ManufactureName>לא ידוע</ManufactureName>
      <ManufactureCountry>לא ידוע</ManufactureCountry>
      <ManufactureItemDescription>מברשת שיניים צעד צעד</ManufactureItemDescription>
      <UnitQty>לא ידוע</UnitQty>
      <Quantity>1.00</Quantity>
      <UnitOfMeasure>יח'</UnitOfMeasure>
      <bIsWeighted>0</bIsWeighted>
      <QtyInPackage>לא ידוע</QtyInPackage>
      <ItemPrice>15.10</ItemPrice>
      <UnitOfMeasurePrice>15.10</UnitOfMeasurePrice>
      <AllowDiscount>1</AllowDiscount>
      <ItemStatus/>
    </Item>
    <Item>
      <PriceUpdateTime>2025-01-01T16:29:02.000</PriceUpdateTime>
      <ItemCode>7290000244761</ItemCode>
      <LastSaleDateTime>2026-01-22T11:29:13.000</LastSaleDateTime>
      <ItemType>1</ItemType>
      <ItemName>קרם ידים ולווטה 100</ItemName>
      <ManufactureName>ולוטה</ManufactureName>
      <ManufactureCountry>לא ידוע</ManufactureCountry>
      <ManufactureItemDescription>קרם ידים ולווטה 100</ManufactureItemDescription>
      <UnitQty>לא ידוע</UnitQty>
      <Quantity>100.00</Quantity>
      <UnitOfMeasure>100 מ"ל</UnitOfMeasure>
      <bIsWeighted>0</bIsWeighted>
      <QtyInPackage>לא ידוע</QtyInPackage>
      <ItemPrice>9.90</ItemPrice>
      <UnitOfMeasurePrice>0.10</UnitOfMeasurePrice>
      <AllowDiscount>1</AllowDiscount>
      <ItemStatus/>
    </Item>
    <Item>
      <PriceUpdateTime>2025-01-01T16:29:04.000</PriceUpdateTime>
      <ItemCode>7290002002857</ItemCode>
      <LastSaleDateTime>2026-01-22T14:00:34.000</LastSaleDateTime>
      <ItemType>1</ItemType>
      <ItemName>מגע המשי נייר הדבש 5</ItemName>
      <ManufactureName>ALSOM BIGANDO</ManufactureName>
      <ManufactureCountry>צרפת</ManufactureCountry>
      <ManufactureItemDescription>מגע המשי נייר הדבש 50יח</ManufactureItemDescription>
      <UnitQty>לא ידוע</UnitQty>
      <Quantity>50.00</Quantity>
      <UnitOfMeasure>יח'</UnitOfMeasure>
      <bIsWeighted>0</bIsWeighted>
      <QtyInPackage>לא ידוע</QtyInPackage>
      <ItemPrice>18.10</ItemPrice>
      <UnitOfMeasurePrice>0.36</UnitOfMeasurePrice>
      <AllowDiscount>1</AllowDiscount>
      <ItemStatus/>
    </Item>
    <Item>
      <PriceUpdateTime>2025-01-01T16:29:05.000</PriceUpdateTime>
      <ItemCode>7290003026197</ItemCode>
      <LastSaleDateTime>2026-01-29T13:28:26.000</LastSaleDateTime>
      <ItemType>1</ItemType>
      <ItemName>קמיל בלו שמן עדין לת</ItemName>
      <ManufactureName>ד"ר פישר</ManufactureName>
      <ManufactureCountry>ישראל</ManufactureCountry>
      <ManufactureItemDescription>קמיל בלו סנסיטיב שמן טיפו</ManufactureItemDescription>
      <UnitQty>לא ידוע</UnitQty>
      <Quantity>500.00</Quantity>
      <UnitOfMeasure>100 מ"ל</UnitOfMeasure>
      <bIsWeighted>0</bIsWeighted>
      <QtyInPackage>לא ידוע</QtyInPackage>
      <ItemPrice>27.20</ItemPrice>
      <UnitOfMeasurePrice>0.05</UnitOfMeasurePrice>
      <AllowDiscount>1</AllowDiscount>
      <ItemStatus/>
    </Item>
    <Item>
      <PriceUpdateTime>2025-01-01T16:29:16.000</PriceUpdateTime>
      <ItemCode>7290012071935</ItemCode>
      <LastSaleDateTime>2026-01-28T19:37:07.000</LastSaleDateTime>
      <ItemType>1</ItemType>
      <ItemName>ד"ר פישר אמול לתינוק</ItemName>
      <ManufactureName>לא ידוע</ManufactureName>
      <ManufactureCountry>לא ידוע</ManufactureCountry>
      <ManufactureItemDescription>ד"ר פישר אמול לתינוק</ManufactureItemDescription>
      <UnitQty>לא ידוע</UnitQty>
      <Quantity>200.00</Quantity>
      <UnitOfMeasure>100 מ"ל</UnitOfMeasure>
      <bIsWeighted>0</bIsWeighted>
      <QtyInPackage>לא ידוע</QtyInPackage>
      <ItemPrice>35.30</ItemPrice>
      <UnitOfMeasurePrice>0.18</UnitOfMeasurePrice>
      <AllowDiscount>1</AllowDiscount>
      <ItemStatus/>
    </Item>
    <Item>
      <PriceUpdateTime>2025-01-01T16:29:32.000</PriceUpdateTime>
      <ItemCode>7290017872018</ItemCode>
      <LastSaleDateTime>2026-01-29T14:30:23.000</LastSaleDateTime>
      <ItemType>1</ItemType>
      <ItemName>קרם החתלה פרש וואנס</ItemName>
      <ManufactureName>לא ידוע</ManufactureName>
      <ManufactureCountry>לא ידוע</ManufactureCountry>
      <ManufactureItemDescription>קרם החתלה פרש וואנס</ManufactureItemDescription>
      <UnitQty>לא ידוע</UnitQty>
      <Quantity>1.00</Quantity>
      <UnitOfMeasure>יח'</UnitOfMeasure>
      <bIsWeighted>0</bIsWeighted>
      <QtyInPackage>לא ידוע</QtyInPackage>
      <ItemPrice>12.70</ItemPrice>
      <UnitOfMeasurePrice>12.70</UnitOfMeasurePrice>
      <AllowDiscount>1</AllowDiscount>
      <ItemStatus/>
    </Item>
    <Item>
      <PriceUpdateTime>2025-01-01T16:29:38.000</PriceUpdateTime>
      <ItemCode>7290019075387</ItemCode>
      <LastSaleDateTime>2026-01-22T14:52:04.000</LastSaleDateTime>
      <ItemType>1</ItemType>
      <ItemName>אפקטיב קר תרחיץ פנים</ItemName>
      <ManufactureName>לא ידוע</ManufactureName>
      <ManufactureCountry>לא ידוע</ManufactureCountry>
      <ManufactureItemDescription>אפקטיב קר תרחיץ פנים</ManufactureItemDescription>
      <UnitQty>לא ידוע</UnitQty>
      <Quantity>180.00</Quantity>
      <UnitOfMeasure>100 מ"ל</UnitOfMeasure>
      <bIsWeighted>0</bIsWeighted>
      <QtyInPackage>לא ידוע</QtyInPackage>
      <ItemPrice>17.00</ItemPrice>
      <UnitOfMeasurePrice>0.09</UnitOfMeasurePrice>
      <AllowDiscount>1</AllowDiscount>
      <ItemStatus/>
    </Item>
    <Item>
      <PriceUpdateTime>2025-01-01T16:29:41.000</PriceUpdateTime>
      <ItemCode>7290019501527</ItemCode>
      <LastSaleDateTime>2026-01-22T19:28:32.000</LastSaleDateTime>
      <ItemType>1</ItemType>
      <ItemName>סרקל פורטה מרכך 750מ</ItemName>
      <ManufactureName>לא ידוע</ManufactureName>
      <ManufactureCountry>לא ידוע</ManufactureCountry>
      <ManufactureItemDescription>סרקל פורטה מרכך 750מ</ManufactureItemDescription>
      <UnitQty>לא ידוע</UnitQty>
      <Quantity>750.00</Quantity>
      <UnitOfMeasure>100 מ"ל</UnitOfMeasure>
      <bIsWeighted>0</bIsWeighted>
      <QtyInPackage>לא ידוע</QtyInPackage>
      <ItemPrice>25.20</ItemPrice>
      <UnitOfMeasurePrice>0.03</UnitOfMeasurePrice>
      <AllowDiscount>1</AllowDiscount>
      <ItemStatus/>
    </Item>
    <Item>
      <PriceUpdateTime>2025-01-01T16:29:41.000</PriceUpdateTime>
      <ItemCode>7290019501428</ItemCode>
      <LastSaleDateTime>2026-01-22T09:04:29.000</LastSaleDateTime>
      <ItemType>1</ItemType>
      <ItemName>סרקל שמפו 1ליטר</ItemName>
      <ManufactureName>לא ידוע</ManufactureName>
      <ManufactureCountry>לא ידוע</ManufactureCountry>
      <ManufactureItemDescription>סרקל שמפו 1ליטר</ManufactureItemDescription>
      <UnitQty>מטרים</UnitQty>
      <Quantity>1000.00</Quantity>
      <UnitOfMeasure>100 מ'ל</UnitOfMeasure>
      <bIsWeighted>0</bIsWeighted>
      <QtyInPackage>לא ידוע</QtyInPackage>
      <ItemPrice>28.00</ItemPrice>
      <UnitOfMeasurePrice>0.03</UnitOfMeasurePrice>
      <AllowDiscount>1</AllowDiscount>
      <ItemStatus/>
    </Item>
    <Item>
      <PriceUpdateTime>2025-01-01T16:34:25.000</PriceUpdateTime>
      <ItemCode>7290000888347</ItemCode>
      <LastSaleDateTime>2026-01-22T16:11:12.000</LastSaleDateTime>
      <ItemType>1</ItemType>
      <ItemName>מי עדן 500 מ"ל</ItemName>
      <ManufactureName>לא ידוע</ManufactureName>
      <ManufactureCountry>לא ידוע</ManufactureCountry>
      <ManufactureItemDescription>מי עדן 500 מ"ל</ManufactureItemDescription>
      <UnitQty>לא ידוע</UnitQty>
      <Quantity>500.00</Quantity>
      <UnitOfMeasure>100 מ"ל</UnitOfMeasure>
      <bIsWeighted>0</bIsWeighted>
      <QtyInPackage>לא ידוע</QtyInPackage>
      <ItemPrice>2.70</ItemPrice>
      <UnitOfMeasurePrice>0.01</UnitOfMeasurePrice>
      <AllowDiscount>1</AllowDiscount>
      <ItemStatus/>
    </Item>
    <Item>
      <PriceUpdateTime>2025-01-01T16:34:29.000</PriceUpdateTime>
      <ItemCode>4015576156835</ItemCode>
      <LastSaleDateTime>2015-01-01T00:00:00.000</LastSaleDateTime>
      <ItemType>1</ItemType>
      <ItemName>בירה בהירה לא מסוננת</ItemName>
      <ManufactureName>לא ידוע</ManufactureName>
      <ManufactureCountry>לא ידוע</ManufactureCountry>
      <ManufactureItemDescription>בירה בהירה לא מסוננת</ManufactureItemDescription>
      <UnitQty>לא ידוע</UnitQty>
      <Quantity>500.00</Quantity>
      <UnitOfMeasure>100 מ"ל</UnitOfMeasure>
      <bIsWeighted>0</bIsWeighted>
      <QtyInPackage>לא ידוע</QtyInPackage>
      <ItemPrice>8.00</ItemPrice>
      <UnitOfMeasurePrice>0.02</UnitOfMeasurePrice>
      <AllowDiscount>1</AllowDiscount>
      <ItemStatus>2</ItemStatus>
    </Item>
    <Item>
      <PriceUpdateTime>2025-01-01T16:34:29.000</PriceUpdateTime>
      <ItemCode>4015576156835</ItemCode>
      <LastSaleDateTime>2015-01-01T00:00:00.000</LastSaleDateTime>
      <ItemType>1</ItemType>
      <ItemName>בירה בהירה לא מסוננת</ItemName>
      <ManufactureName>לא ידוע</ManufactureName>
      <ManufactureCountry>לא ידוע</ManufactureCountry>
      <ManufactureItemDescription>בירה בהירה לא מסוננת</ManufactureItemDescription>
      <UnitQty>לא ידוע</UnitQty>
      <Quantity>500.00</Quantity>
      <UnitOfMeasure>100 מ"ל</UnitOfMeasure>
      <bIsWeighted>0</bIsWeighted>
      <QtyInPackage>לא ידוע</QtyInPackage>
      <ItemPrice>8.00</ItemPrice>
      <UnitOfMeasurePrice>0.02</UnitOfMeasurePrice>
      <AllowDiscount>1</AllowDiscount>
      <ItemStatus/>
    </Item>
    <Item>
      <PriceUpdateTime>2025-01-01T16:34:29.000</PriceUpdateTime>
      <ItemCode>4015576235493</ItemCode>
      <LastSaleDateTime>2015-01-01T00:00:00.000</LastSaleDateTime>
      <ItemType>1</ItemType>
      <ItemName>בירה בהירה הל BERLIN</ItemName>
      <ManufactureName>לא ידוע</ManufactureName>
      <ManufactureCountry>לא ידוע</ManufactureCountry>
      <ManufactureItemDescription>בירה בהירה הל BERLIN</ManufactureItemDescription>
      <UnitQty>לא ידוע</UnitQty>
      <Quantity>500.00</Quantity>
      <UnitOfMeasure>100 מ"ל</UnitOfMeasure>
      <bIsWeighted>0</bIsWeighted>
      <QtyInPackage>לא ידוע</QtyInPackage>
      <ItemPrice>8.00</ItemPrice>
      <UnitOfMeasurePrice>0.02</UnitOfMeasurePrice>
      <AllowDiscount>1</AllowDiscount>
      <ItemStatus>2</ItemStatus>
    </Item>
    <Item>
      <PriceUpdateTime>2025-01-01T16:34:29.000</PriceUpdateTime>
      <ItemCode>4015576235493</ItemCode>
      <LastSaleDateTime>2015-01-01T00:00:00.000</LastSaleDateTime>
      <ItemType>1</ItemType>
      <ItemName>בירה בהירה הל BERLIN</ItemName>
      <ManufactureName>לא ידוע</ManufactureName>
      <ManufactureCountry>לא ידוע</ManufactureCountry>
      <ManufactureItemDescription>בירה בהירה הל BERLIN</ManufactureItemDescription>
      <UnitQty>לא ידוע</UnitQty>
      <Quantity>500.00</Quantity>
      <UnitOfMeasure>100 מ"ל</UnitOfMeasure>
      <bIsWeighted>0</bIsWeighted>
      <QtyInPackage>לא ידוע</QtyInPackage>
      <ItemPrice>8.00</ItemPrice>
      <UnitOfMeasurePrice>0.02</UnitOfMeasurePrice>
      <AllowDiscount>1</AllowDiscount>
      <ItemStatus/>
    </Item>
    <Item>
      <PriceUpdateTime>2025-01-01T16:34:29.000</PriceUpdateTime>
      <ItemCode>4740098079309</ItemCode>
      <LastSaleDateTime>2015-01-01T00:00:00.000</LastSaleDateTime>
      <ItemType>1</ItemType>
      <ItemName>סיידר אוכמניות 4.5%</ItemName>
      <ManufactureName>לא ידוע</ManufactureName>
      <ManufactureCountry>לא ידוע</ManufactureCountry>
      <ManufactureItemDescription>סיידר אוכמניות 4.5%</ManufactureItemDescription>
      <UnitQty>לא ידוע</UnitQty>
      <Quantity>500.00</Quantity>
      <UnitOfMeasure>100 מ"ל</UnitOfMeasure>
      <bIsWeighted>0</bIsWeighted>
      <QtyInPackage>לא ידוע</QtyInPackage>
      <ItemPrice>7.90</ItemPrice>
      <UnitOfMeasurePrice>0.02</UnitOfMeasurePrice>
      <AllowDiscount>1</AllowDiscount>
      <ItemStatus>2</ItemStatus>
    </Item>
    <Item>
      <PriceUpdateTime>2025-01-01T16:34:29.000</PriceUpdateTime>
      <ItemCode>4740098079309</ItemCode>
      <LastSaleDateTime>2015-01-01T00:00:00.000</LastSaleDateTime>
      <ItemType>1</ItemType>
      <ItemName>סיידר אוכמניות 4.5%</ItemName>
      <ManufactureName>לא ידוע</ManufactureName>
      <ManufactureCountry>לא ידוע</ManufactureCountry>
      <ManufactureItemDescription>סיידר אוכמניות 4.5%</ManufactureItemDescription>
      <UnitQty>לא ידוע</UnitQty>
      <Quantity>500.00</Quantity>
      <UnitOfMeasure>100 מ"ל</UnitOfMeasure>
      <bIsWeighted>0</bIsWeighted>
      <QtyInPackage>לא ידוע</QtyInPackage>
      <ItemPrice>7.90</ItemPrice>
      <UnitOfMeasurePrice>0.02</UnitOfMeasurePrice>
      <AllowDiscount>1</AllowDiscount>
      <ItemStatus/>
    </Item>
    <Item>
      <PriceUpdateTime>2025-01-01T16:34:29.000</PriceUpdateTime>
      <ItemCode>4740098079316</ItemCode>
      <LastSaleDateTime>2015-01-01T00:00:00.000</LastSaleDateTime>
      <ItemType>1</ItemType>
      <ItemName>פיז סיידר תות שדה 4.</ItemName>
      <ManufactureName>לא ידוע</ManufactureName>
      <ManufactureCountry>לא ידוע</ManufactureCountry>
      <ManufactureItemDescription>פיז סיידר תות שדה 4.</ManufactureItemDescription>
      <UnitQty>לא ידוע</UnitQty>
      <Quantity>500.00</Quantity>
      <UnitOfMeasure>100 מ"ל</UnitOfMeasure>
      <bIsWeighted>0</bIsWeighted>
      <QtyInPackage>לא ידוע</QtyInPackage>
      <ItemPrice>7.90</ItemPrice>
      <UnitOfMeasurePrice>0.02</UnitOfMeasurePrice>
      <AllowDiscount>1</AllowDiscount>
      <ItemStatus>2</ItemStatus>
    </Item>
    <Item>
      <PriceUpdateTime>2025-01-01T16:34:29.000</PriceUpdateTime>
      <ItemCode>4740098079316</ItemCode>
      <LastSaleDateTime>2015-01-01T00:00:00.000</LastSaleDateTime>
      <ItemType>1</ItemType>
      <ItemName>פיז סיידר תות שדה 4.</ItemName>
      <ManufactureName>לא ידוע</ManufactureName>
      <ManufactureCountry>לא ידוע</ManufactureCountry>
      <ManufactureItemDescription>פיז סיידר תות שדה 4.</ManufactureItemDescription>
      <UnitQty>לא ידוע</UnitQty>
      <Quantity>500.00</Quantity>
      <UnitOfMeasure>100 מ"ל</UnitOfMeasure>
      <bIsWeighted>0</bIsWeighted>
      <QtyInPackage>לא ידוע</QtyInPackage>
      <ItemPrice>7.90</ItemPrice>
      <UnitOfMeasurePrice>0.02</UnitOfMeasurePrice>
      <AllowDiscount>1</AllowDiscount>
      <ItemStatus/>
    </Item>
    <Item>
      <PriceUpdateTime>2025-01-01T16:34:29.000</PriceUpdateTime>
      <ItemCode>4740098079323</ItemCode>
      <LastSaleDateTime>2015-01-01T00:00:00.000</LastSaleDateTime>
      <ItemType>1</ItemType>
      <ItemName>סיידר בטעם אגס 4.5%</ItemName>
      <ManufactureName>לא ידוע</ManufactureName>
      <ManufactureCountry>לא ידוע</ManufactureCountry>
      <ManufactureItemDescription>סיידר בטעם אגס 4.5%</ManufactureItemDescription>
      <UnitQty>לא ידוע</UnitQty>
      <Quantity>500.00</Quantity>
      <UnitOfMeasure>100 מ"ל</UnitOfMeasure>
      <bIsWeighted>0</bIsWeighted>
      <QtyInPackage>לא ידוע</QtyInPackage>
      <ItemPrice>7.90</ItemPrice>
      <UnitOfMeasurePrice>0.02</UnitOfMeasurePrice>
      <AllowDiscount>1</AllowDiscount>
      <ItemStatus>2</ItemStatus>
    </Item>
    <Item>
      <PriceUpdateTime>2025-01-01T16:34:29.000</PriceUpdateTime>
      <ItemCode>4740098079323</ItemCode>
      <LastSaleDateTime>2015-01-01T00:00:00.000</LastSaleDateTime>
      <ItemType>1</ItemType>
      <ItemName>סיידר בטעם אגס 4.5%</ItemName>
      <ManufactureName>לא ידוע</ManufactureName>
      <ManufactureCountry>לא ידוע</ManufactureCountry>
      <ManufactureItemDescription>סיידר בטעם אגס 4.5%</ManufactureItemDescription>
      <UnitQty>לא ידוע</UnitQty>
      <Quantity>500.00</Quantity>
      <UnitOfMeasure>100 מ"ל</UnitOfMeasure>
      <bIsWeighted>0</bIsWeighted>
      <QtyInPackage>לא ידוע</QtyInPackage>
      <ItemPrice>7.90</ItemPrice>
      <UnitOfMeasurePrice>0.02</UnitOfMeasurePrice>
      <AllowDiscount>1</AllowDiscount>
      <ItemStatus/>
    </Item>
    <Item>
      <PriceUpdateTime>2025-01-01T16:34:29.000</PriceUpdateTime>
      <ItemCode>4740098084440</ItemCode>
      <LastSaleDateTime>2015-01-01T00:00:00.000</LastSaleDateTime>
      <ItemType>1</ItemType>
      <ItemName>פיז סיידר תפוח עץ 4.</ItemName>
      <ManufactureName>לא ידוע</ManufactureName>
      <ManufactureCountry>לא ידוע</ManufactureCountry>
      <ManufactureItemDescription>פיז סיידר תפוח עץ 4.</ManufactureItemDescription>
      <UnitQty>לא ידוע</UnitQty>
      <Quantity>500.00</Quantity>
      <UnitOfMeasure>100 מ"ל</UnitOfMeasure>
      <bIsWeighted>0</bIsWeighted>
      <QtyInPackage>לא ידוע</QtyInPackage>
      <ItemPrice>7.90</ItemPrice>
      <UnitOfMeasurePrice>0.02</UnitOfMeasurePrice>
      <AllowDiscount>1</AllowDiscount>
      <ItemStatus>2</ItemStatus>
    </Item>
    <Item>
      <PriceUpdateTime>2025-01-01T16:34:29.000</PriceUpdateTime>
      <ItemCode>4740098084440</ItemCode>
      <LastSaleDateTime>2015-01-01T00:00:00.000</LastSaleDateTime>
      <ItemType>1</ItemType>
      <ItemName>פיז סיידר תפוח עץ 4.</ItemName>
      <ManufactureName>לא ידוע</ManufactureName>
      <ManufactureCountry>לא ידוע</ManufactureCountry>
      <ManufactureItemDescription>פיז סיידר תפוח עץ 4.</ManufactureItemDescription>
      <UnitQty>לא ידוע</UnitQty>
      <Quantity>500.00</Quantity>
      <UnitOfMeasure>100 מ"ל</UnitOfMeasure>
      <bIsWeighted>0</bIsWeighted>
      <QtyInPackage>לא ידוע</QtyInPackage>
      <ItemPrice>7.90</ItemPrice>
      <UnitOfMeasurePrice>0.02</UnitOfMeasurePrice>
      <AllowDiscount>1</AllowDiscount>
      <ItemStatus/>
    </Item>
    <Item>
      <PriceUpdateTime>2025-01-01T16:34:30.000</PriceUpdateTime>
      <ItemCode>4770301230821</ItemCode>
      <LastSaleDateTime>2015-01-01T00:00:00.000</LastSaleDateTime>
      <ItemType>1</ItemType>
      <ItemName>בירה אי פי איי 568 מ</ItemName>
      <ManufactureName>לא ידוע</ManufactureName>
      <ManufactureCountry>לא ידוע</ManufactureCountry>
      <ManufactureItemDescription>בירה אי פי איי 568 מ</ManufactureItemDescription>
      <UnitQty>לא ידוע</UnitQty>
      <Quantity>568.00</Quantity>
      <UnitOfMeasure>100 מ"ל</UnitOfMeasure>
      <bIsWeighted>0</bIsWeighted>
      <QtyInPackage>לא ידוע</QtyInPackage>
      <ItemPrice>11.10</ItemPrice>
      <UnitOfMeasurePrice>0.02</UnitOfMeasurePrice>
      <AllowDiscount>1</AllowDiscount>
      <ItemStatus>2</ItemStatus>
    </Item>
    <Item>
      <PriceUpdateTime>2025-01-01T16:34:30.000</PriceUpdateTime>
      <ItemCode>4770301230821</ItemCode>
      <LastSaleDateTime>2015-01-01T00:00:00.000</LastSaleDateTime>
      <ItemType>1</ItemType>
      <ItemName>בירה אי פי איי 568 מ</ItemName>
      <ManufactureName>לא ידוע</ManufactureName>
      <ManufactureCountry>לא ידוע</ManufactureCountry>
      <ManufactureItemDescription>בירה אי פי איי 568 מ</ManufactureItemDescription>
      <UnitQty>לא ידוע</UnitQty>
      <Quantity>568.00</Quantity>
      <UnitOfMeasure>100 מ"ל</UnitOfMeasure>
      <bIsWeighted>0</bIsWeighted>
      <QtyInPackage>לא ידוע</QtyInPackage>
      <ItemPrice>11.10</ItemPrice>
      <UnitOfMeasurePrice>0.02</UnitOfMeasurePrice>
      <AllowDiscount>1</AllowDiscount>
      <ItemStatus/>
    </Item>
    <Item>
      <PriceUpdateTime>2025-01-01T16:34:30.000</PriceUpdateTime>
      <ItemCode>4770301234973</ItemCode>
      <LastSaleDateTime>2015-01-01T00:00:00.000</LastSaleDateTime>
      <ItemType>1</ItemType>
      <ItemName>בירה בלנש חיטה בלגית</ItemName>
      <ManufactureName>לא ידוע</ManufactureName>
      <ManufactureCountry>לא ידוע</ManufactureCountry>
      <ManufactureItemDescription>בירה בלנש חיטה בלגית</ManufactureItemDescription>
      <UnitQty>לא ידוע</UnitQty>
      <Quantity>568.00</Quantity>
      <UnitOfMeasure>100 מ"ל</UnitOfMeasure>
      <bIsWeighted>0</bIsWeighted>
      <QtyInPackage>לא ידוע</QtyInPackage>
      <ItemPrice>11.10</ItemPrice>
      <UnitOfMeasurePrice>0.02</UnitOfMeasurePrice>
      <AllowDiscount>1</AllowDiscount>
      <ItemStatus>2</ItemStatus>
    </Item>
    <Item>
      <PriceUpdateTime>2025-01-01T16:34:30.000</PriceUpdateTime>
      <ItemCode>4770301234973</ItemCode>
      <LastSaleDateTime>2015-01-01T00:00:00.000</LastSaleDateTime>
      <ItemType>1</ItemType>
      <ItemName>בירה בלנש חיטה בלגית</ItemName>
      <ManufactureName>לא ידוע</ManufactureName>
      <ManufactureCountry>לא ידוע</ManufactureCountry>
      <ManufactureItemDescription>בירה בלנש חיטה בלגית</ManufactureItemDescription>
      <UnitQty>לא ידוע</UnitQty>
      <Quantity>568.00</Quantity>
      <UnitOfMeasure>100 מ"ל</UnitOfMeasure>
      <bIsWeighted>0</bIsWeighted>
      <QtyInPackage>לא ידוע</QtyInPackage>
      <ItemPrice>11.10</ItemPrice>
      <UnitOfMeasurePrice>0.02</UnitOfMeasurePrice>
      <AllowDiscount>1</AllowDiscount>
      <ItemStatus/>
    </Item>
    <Item>
      <PriceUpdateTime>2025-01-01T16:34:30.000</PriceUpdateTime>
      <ItemCode>4770301235338</ItemCode>
      <LastSaleDateTime>2015-01-01T00:00:00.000</LastSaleDateTime>
      <ItemType>1</ItemType>
      <ItemName>בירה ניו אינגלנד 500</ItemName>
      <ManufactureName>לא ידוע</ManufactureName>
      <ManufactureCountry>לא ידוע</ManufactureCountry>
      <ManufactureItemDescription>בירה ניו אינגלנד 500</ManufactureItemDescription>
      <UnitQty>לא ידוע</UnitQty>
      <Quantity>500.00</Quantity>
      <UnitOfMeasure>100 מ"ל</UnitOfMeasure>
      <bIsWeighted>0</bIsWeighted>
      <QtyInPackage>לא ידוע</QtyInPackage>
      <ItemPrice>11.10</ItemPrice>
      <UnitOfMeasurePrice>0.02</UnitOfMeasurePrice>
      <AllowDiscount>1</AllowDiscount>
      <ItemStatus>2</ItemStatus>
    </Item>
    <Item>
      <PriceUpdateTime>2025-01-01T16:34:30.000</PriceUpdateTime>
      <ItemCode>4770301235338</ItemCode>
      <LastSaleDateTime>2015-01-01T00:00:00.000</LastSaleDateTime>
      <ItemType>1</ItemType>
      <ItemName>בירה ניו אינגלנד 500</ItemName>
      <ManufactureName>לא ידוע</ManufactureName>
      <ManufactureCountry>לא ידוע</ManufactureCountry>
      <ManufactureItemDescription>בירה ניו אינגלנד 500</ManufactureItemDescription>
      <UnitQty>לא ידוע</UnitQty>
      <Quantity>500.00</Quantity>
      <UnitOfMeasure>100 מ"ל</UnitOfMeasure>
      <bIsWeighted>0</bIsWeighted>
      <QtyInPackage>לא ידוע</QtyInPackage>
      <ItemPrice>11.10</ItemPrice>
      <UnitOfMeasurePrice>0.02</UnitOfMeasurePrice>
      <AllowDiscount>1</AllowDiscount>
      <ItemStatus/>
    </Item>
    <Item>
      <PriceUpdateTime>2025-01-01T16:34:30.000</PriceUpdateTime>
      <ItemCode>4820163124124</ItemCode>
      <LastSaleDateTime>2025-10-15T00:00:00.000</LastSaleDateTime>
      <ItemType>1</ItemType>
      <ItemName>וודקה חורטיצה גרין ל</ItemName>
      <ManufactureName>לא ידוע</ManufactureName>
      <ManufactureCountry>לא ידוע</ManufactureCountry>
      <ManufactureItemDescription>וודקה חורטיצה גרין ל</ManufactureItemDescription>
      <UnitQty>לא ידוע</UnitQty>
      <Quantity>700.00</Quantity>
      <UnitOfMeasure>100 מ"ל</UnitOfMeasure>
      <bIsWeighted>0</bIsWeighted>
      <QtyInPackage>לא ידוע</QtyInPackage>
      <ItemPrice>65.60</ItemPrice>
      <UnitOfMeasurePrice>0.09</UnitOfMeasurePrice>
      <AllowDiscount>1</AllowDiscount>
      <ItemStatus>2</ItemStatus>
    </Item>
    <Item>
      <PriceUpdateTime>2025-01-01T16:34:30.000</PriceUpdateTime>
      <ItemCode>4820163124124</ItemCode>
      <LastSaleDateTime>2025-10-15T00:00:00.000</LastSaleDateTime>
      <ItemType>1</ItemType>
      <ItemName>וודקה חורטיצה גרין ל</ItemName>
      <ManufactureName>לא ידוע</ManufactureName>
      <ManufactureCountry>לא ידוע</ManufactureCountry>
      <ManufactureItemDescription>וודקה חורטיצה גרין ל</ManufactureItemDescription>
      <UnitQty>לא ידוע</UnitQty>
      <Quantity>700.00</Quantity>
      <UnitOfMeasure>100 מ"ל</UnitOfMeasure>
      <bIsWeighted>0</bIsWeighted>
      <QtyInPackage>לא ידוע</QtyInPackage>
      <ItemPrice>65.60</ItemPrice>
      <UnitOfMeasurePrice>0.09</UnitOfMeasurePrice>
      <AllowDiscount>1</AllowDiscount>
      <ItemStatus/>
    </Item>
    <Item>
      <PriceUpdateTime>2025-01-01T16:34:30.000</PriceUpdateTime>
      <ItemCode>4820229030161</ItemCode>
      <LastSaleDateTime>2026-01-18T19:24:41.000</LastSaleDateTime>
      <ItemType>1</ItemType>
      <ItemName>וודקה חורטיצה גרין ל</ItemName>
      <ManufactureName>לא ידוע</ManufactureName>
      <ManufactureCountry>לא ידוע</ManufactureCountry>
      <ManufactureItemDescription>וודקה חורטיצה גרין ל</ManufactureItemDescription>
      <UnitQty>ליטר</UnitQty>
      <Quantity>1.00</Quantity>
      <UnitOfMeasure>ליטר    </UnitOfMeasure>
      <bIsWeighted>0</bIsWeighted>
      <QtyInPackage>לא ידוע</QtyInPackage>
      <ItemPrice>93.90</ItemPrice>
      <UnitOfMeasurePrice>93.90</UnitOfMeasurePrice>
      <AllowDiscount>1</AllowDiscount>
      <ItemStatus/>
    </Item>
    <Item>
      <PriceUpdateTime>2025-01-01T16:34:31.000</PriceUpdateTime>
      <ItemCode>5411081003654</ItemCode>
      <LastSaleDateTime>2015-01-01T00:00:00.000</LastSaleDateTime>
      <ItemType>1</ItemType>
      <ItemName>קסטיל בירה רוז 330 מ</ItemName>
      <ManufactureName>לא ידוע</ManufactureName>
      <ManufactureCountry>לא ידוע</ManufactureCountry>
      <ManufactureItemDescription>קסטיל בירה רוז 330 מ</ManufactureItemDescription>
      <UnitQty>לא ידוע</UnitQty>
      <Quantity>330.00</Quantity>
      <UnitOfMeasure>100 מ"ל</UnitOfMeasure>
      <bIsWeighted>0</bIsWeighted>
      <QtyInPackage>לא ידוע</QtyInPackage>
      <ItemPrice>12.90</ItemPrice>
      <UnitOfMeasurePrice>0.04</UnitOfMeasurePrice>
      <AllowDiscount>1</AllowDiscount>
      <ItemStatus>2</ItemStatus>
    </Item>
    <Item>
      <PriceUpdateTime>2025-01-01T16:34:31.000</PriceUpdateTime>
      <ItemCode>5411081003654</ItemCode>
      <LastSaleDateTime>2015-01-01T00:00:00.000</LastSaleDateTime>
      <ItemType>1</ItemType>
      <ItemName>קסטיל בירה רוז 330 מ</ItemName>
      <ManufactureName>לא ידוע</ManufactureName>
      <ManufactureCountry>לא ידוע</ManufactureCountry>
      <ManufactureItemDescription>קסטיל בירה רוז 330 מ</ManufactureItemDescription>
      <UnitQty>לא ידוע</UnitQty>
      <Quantity>330.00</Quantity>
      <UnitOfMeasure>100 מ"ל</UnitOfMeasure>
      <bIsWeighted>0</bIsWeighted>
      <QtyInPackage>לא ידוע</QtyInPackage>
      <ItemPrice>12.90</ItemPrice>
      <UnitOfMeasurePrice>0.04</UnitOfMeasurePrice>
      <AllowDiscount>1</AllowDiscount>
      <ItemStatus/>
    </Item>
    <Item>
      <PriceUpdateTime>2025-01-01T16:34:31.000</PriceUpdateTime>
      <ItemCode>5411081008192</ItemCode>
      <LastSaleDateTime>2015-01-01T00:00:00.000</LastSaleDateTime>
      <ItemType>1</ItemType>
      <ItemName>בירה קסטיל רוז' פחית</ItemName>
      <ManufactureName>לא ידוע</ManufactureName>
      <ManufactureCountry>לא ידוע</ManufactureCountry>
      <ManufactureItemDescription>בירה קסטיל רוז' פחית</ManufactureItemDescription>
      <UnitQty>לא ידוע</UnitQty>
      <Quantity>330.00</Quantity>
      <UnitOfMeasure>100 מ"ל</UnitOfMeasure>
      <bIsWeighted>0</bIsWeighted>
      <QtyInPackage>לא ידוע</QtyInPackage>
      <ItemPrice>12.90</ItemPrice>
      <UnitOfMeasurePrice>0.04</UnitOfMeasurePrice>
      <AllowDiscount>1</AllowDiscount>
      <ItemStatus>2</ItemStatus>
    </Item>
    <Item>
      <PriceUpdateTime>2025-01-01T16:34:31.000</PriceUpdateTime>
      <ItemCode>5411081008192</ItemCode>
      <LastSaleDateTime>2015-01-01T00:00:00.000</LastSaleDateTime>
      <ItemType>1</ItemType>
      <ItemName>בירה קסטיל רוז' פחית</ItemName>
      <ManufactureName>לא ידוע</ManufactureName>
      <ManufactureCountry>לא ידוע</ManufactureCountry>
      <ManufactureItemDescription>בירה קסטיל רוז' פחית</ManufactureItemDescription>
      <UnitQty>לא ידוע</UnitQty>
      <Quantity>330.00</Quantity>
      <UnitOfMeasure>100 מ"ל</UnitOfMeasure>
      <bIsWeighted>0</bIsWeighted>
      <QtyInPackage>לא ידוע</QtyInPackage>
      <ItemPrice>12.90</ItemPrice>
      <UnitOfMeasurePrice>0.04</UnitOfMeasurePrice>
      <AllowDiscount>1</AllowDiscount>
      <ItemStatus/>
    </Item>
    <Item>
      <PriceUpdateTime>2025-01-01T16:34:31.000</PriceUpdateTime>
      <ItemCode>5411081008420</ItemCode>
      <LastSaleDateTime>2015-01-01T00:00:00.000</LastSaleDateTime>
      <ItemType>1</ItemType>
      <ItemName>בירה בירה שושנע קסטי</ItemName>
      <ManufactureName>לא ידוע</ManufactureName>
      <ManufactureCountry>לא ידוע</ManufactureCountry>
      <ManufactureItemDescription>בירה בירה שושנע קסטי</ManufactureItemDescription>
      <UnitQty>לא ידוע</UnitQty>
      <Quantity>330.00</Quantity>
      <UnitOfMeasure>100 מ"ל</UnitOfMeasure>
      <bIsWeighted>0</bIsWeighted>
      <QtyInPackage>לא ידוע</QtyInPackage>
      <ItemPrice>12.90</ItemPrice>
      <UnitOfMeasurePrice>0.04</UnitOfMeasurePrice>
      <AllowDiscount>1</AllowDiscount>
      <ItemStatus>2</ItemStatus>
    </Item>
    <Item>
      <PriceUpdateTime>2025-01-01T16:34:31.000</PriceUpdateTime>
      <ItemCode>5411081008420</ItemCode>
      <LastSaleDateTime>2015-01-01T00:00:00.000</LastSaleDateTime>
      <ItemType>1</ItemType>
      <ItemName>בירה בירה שושנע קסטי</ItemName>
      <ManufactureName>לא ידוע</ManufactureName>
      <ManufactureCountry>לא ידוע</ManufactureCountry>
      <ManufactureItemDescription>בירה בירה שושנע קסטי</ManufactureItemDescription>
      <UnitQty>לא ידוע</UnitQty>
      <Quantity>330.00</Quantity>
      <UnitOfMeasure>100 מ"ל</UnitOfMeasure>
      <bIsWeighted>0</bIsWeighted>
      <QtyInPackage>לא ידוע</QtyInPackage>
      <ItemPrice>12.90</ItemPrice>
      <UnitOfMeasurePrice>0.04</UnitOfMeasurePrice>
      <AllowDiscount>1</AllowDiscount>
      <ItemStatus/>
    </Item>
    <Item>
      <PriceUpdateTime>2025-01-01T16:34:31.000</PriceUpdateTime>
      <ItemCode>5022069000734</ItemCode>
      <LastSaleDateTime>2015-01-01T00:00:00.000</LastSaleDateTime>
      <ItemType>1</ItemType>
      <ItemName>ויסקי סקוטי "סקוטש ג</ItemName>
      <ManufactureName>לא ידוע</ManufactureName>
      <ManufactureCountry>לא ידוע</ManufactureCountry>
      <ManufactureItemDescription>ויסקי סקוטי "סקוטש ג</ManufactureItemDescription>
      <UnitQty>לא ידוע</UnitQty>
      <Quantity>1.00</Quantity>
      <UnitOfMeasure>יח'</UnitOfMeasure>
      <bIsWeighted>0</bIsWeighted>
      <QtyInPackage>לא ידוע</QtyInPackage>
      <ItemPrice>50.50</ItemPrice>
      <UnitOfMeasurePrice>50.50</UnitOfMeasurePrice>
      <AllowDiscount>1</AllowDiscount>
      <ItemStatus>2</ItemStatus>
    </Item>
    <Item>
      <PriceUpdateTime>2025-01-01T16:34:31.000</PriceUpdateTime>
      <ItemCode>5022069000734</ItemCode>
      <LastSaleDateTime>2015-01-01T00:00:00.000</LastSaleDateTime>
      <ItemType>1</ItemType>
      <ItemName>ויסקי סקוטי "סקוטש ג</ItemName>
      <ManufactureName>לא ידוע</ManufactureName>
      <ManufactureCountry>לא ידוע</ManufactureCountry>
      <ManufactureItemDescription>ויסקי סקוטי "סקוטש ג</ManufactureItemDescription>
      <UnitQty>לא ידוע</UnitQty>
      <Quantity>1.00</Quantity>
      <UnitOfMeasure>יח'</UnitOfMeasure>
      <bIsWeighted>0</bIsWeighted>
      <QtyInPackage>לא ידוע</QtyInPackage>
      <ItemPrice>50.50</ItemPrice>
      <UnitOfMeasurePrice>50.50</UnitOfMeasurePrice>
      <AllowDiscount>1</AllowDiscount>
      <ItemStatus/>
    </Item>
    <Item>
      <PriceUpdateTime>2025-01-01T16:34:31.000</PriceUpdateTime>
      <ItemCode>5010494560282</ItemCode>
      <LastSaleDateTime>2015-01-01T00:00:00.000</LastSaleDateTime>
      <ItemType>1</ItemType>
      <ItemName>גלנמורנגי אוריגינל ו</ItemName>
      <ManufactureName>לא ידוע</ManufactureName>
      <ManufactureCountry>לא ידוע</ManufactureCountry>
      <ManufactureItemDescription>גלנמורנגי אוריגינל ו</ManufactureItemDescription>
      <UnitQty>לא ידוע</UnitQty>
      <Quantity>700.00</Quantity>
      <UnitOfMeasure>100 מ"ל</UnitOfMeasure>
      <bIsWeighted>0</bIsWeighted>
      <QtyInPackage>לא ידוע</QtyInPackage>
      <ItemPrice>151.50</ItemPrice>
      <UnitOfMeasurePrice>0.22</UnitOfMeasurePrice>
      <AllowDiscount>1</AllowDiscount>
      <ItemStatus>2</ItemStatus>
    </Item>
    <Item>
      <PriceUpdateTime>2025-01-01T16:34:31.000</PriceUpdateTime>
      <ItemCode>5010494560282</ItemCode>
      <LastSaleDateTime>2015-01-01T00:00:00.000</LastSaleDateTime>
      <ItemType>1</ItemType>
      <ItemName>גלנמורנגי אוריגינל ו</ItemName>
      <ManufactureName>לא ידוע</ManufactureName>
      <ManufactureCountry>לא ידוע</ManufactureCountry>
      <ManufactureItemDescription>גלנמורנגי אוריגינל ו</ManufactureItemDescription>
      <UnitQty>לא ידוע</UnitQty>
      <Quantity>700.00</Quantity>
      <UnitOfMeasure>100 מ"ל</UnitOfMeasure>
      <bIsWeighted>0</bIsWeighted>
      <QtyInPackage>לא ידוע</QtyInPackage>
      <ItemPrice>151.50</ItemPrice>
      <UnitOfMeasurePrice>0.22</UnitOfMeasurePrice>
      <AllowDiscount>1</AllowDiscount>
      <ItemStatus/>
    </Item>
    <Item>
      <PriceUpdateTime>2025-01-01T16:34:31.000</PriceUpdateTime>
      <ItemCode>5411081010508</ItemCode>
      <LastSaleDateTime>2015-01-01T00:00:00.000</LastSaleDateTime>
      <ItemType>1</ItemType>
      <ItemName>בירה קסטיל רובהוס 33</ItemName>
      <ManufactureName>לא ידוע</ManufactureName>
      <ManufactureCountry>לא ידוע</ManufactureCountry>
      <ManufactureItemDescription>בירה קסטיל רובהוס 33</ManufactureItemDescription>
      <UnitQty>לא ידוע</UnitQty>
      <Quantity>330.00</Quantity>
      <UnitOfMeasure>100 מ"ל</UnitOfMeasure>
      <bIsWeighted>0</bIsWeighted>
      <QtyInPackage>לא ידוע</QtyInPackage>
      <ItemPrice>12.90</ItemPrice>
      <UnitOfMeasurePrice>0.04</UnitOfMeasurePrice>
      <AllowDiscount>1</AllowDiscount>
      <ItemStatus>2</ItemStatus>
    </Item>
    <Item>
      <PriceUpdateTime>2025-01-01T16:34:31.000</PriceUpdateTime>
      <ItemCode>5411081010508</ItemCode>
      <LastSaleDateTime>2015-01-01T00:00:00.000</LastSaleDateTime>
      <ItemType>1</ItemType>
      <ItemName>בירה קסטיל רובהוס 33</ItemName>
      <ManufactureName>לא ידוע</ManufactureName>
      <ManufactureCountry>לא ידוע</ManufactureCountry>
      <ManufactureItemDescription>בירה קסטיל רובהוס 33</ManufactureItemDescription>
      <UnitQty>לא ידוע</UnitQty>
      <Quantity>330.00</Quantity>
      <UnitOfMeasure>100 מ"ל</UnitOfMeasure>
      <bIsWeighted>0</bIsWeighted>
      <QtyInPackage>לא ידוע</QtyInPackage>
      <ItemPrice>12.90</ItemPrice>
      <UnitOfMeasurePrice>0.04</UnitOfMeasurePrice>
      <AllowDiscount>1</AllowDiscount>
      <ItemStatus/>
    </Item>
    <Item>
      <PriceUpdateTime>2025-01-01T16:34:33.000</PriceUpdateTime>
      <ItemCode>7290000345147</ItemCode>
      <LastSaleDateTime>2026-01-22T19:59:39.000</LastSaleDateTime>
      <ItemType>1</ItemType>
      <ItemName>תה ארל גריי פחית ויס</ItemName>
      <ManufactureName>ויסוצקי</ManufactureName>
      <ManufactureCountry>לא ידוע</ManufactureCountry>
      <ManufactureItemDescription>תה ארל גריי פחית ויס</ManufactureItemDescription>
      <UnitQty>גרם</UnitQty>
      <Quantity>200.00</Quantity>
      <UnitOfMeasure>100 גרם</UnitOfMeasure>
      <bIsWeighted>0</bIsWeighted>
      <QtyInPackage>לא ידוע</QtyInPackage>
      <ItemPrice>32.00</ItemPrice>
      <UnitOfMeasurePrice>16.00</UnitOfMeasurePrice>
      <AllowDiscount>1</AllowDiscount>
      <ItemStatus/>
    </Item>
    <Item>
      <PriceUpdateTime>2025-01-01T16:34:34.000</PriceUpdateTime>
      <ItemCode>7290002404576</ItemCode>
      <LastSaleDateTime>2025-09-26T00:00:00.000</LastSaleDateTime>
      <ItemType>1</ItemType>
      <ItemName>מוריה לייט 750 מ"ל</ItemName>
      <ManufactureName>יקבי ארזה</ManufactureName>
      <ManufactureCountry>לא ידוע</ManufactureCountry>
      <ManufactureItemDescription>מוריה לייט 750 מ"ל</ManufactureItemDescription>
      <UnitQty>לא ידוע</UnitQty>
      <Quantity>750.00</Quantity>
      <UnitOfMeasure>100 מ"ל</UnitOfMeasure>
      <bIsWeighted>0</bIsWeighted>
      <QtyInPackage>לא ידוע</QtyInPackage>
      <ItemPrice>16.10</ItemPrice>
      <UnitOfMeasurePrice>0.02</UnitOfMeasurePrice>
      <AllowDiscount>1</AllowDiscount>
      <ItemStatus>2</ItemStatus>
    </Item>
    <Item>
      <PriceUpdateTime>2025-01-01T16:34:34.000</PriceUpdateTime>
      <ItemCode>7290002404576</ItemCode>
      <LastSaleDateTime>2025-09-26T00:00:00.000</LastSaleDateTime>
      <ItemType>1</ItemType>
      <ItemName>מוריה לייט 750 מ"ל</ItemName>
      <ManufactureName>יקבי ארזה</ManufactureName>
      <ManufactureCountry>לא ידוע</ManufactureCountry>
      <ManufactureItemDescription>מוריה לייט 750 מ"ל</ManufactureItemDescription>
      <UnitQty>לא ידוע</UnitQty>
      <Quantity>750.00</Quantity>
      <UnitOfMeasure>100 מ"ל</UnitOfMeasure>
      <bIsWeighted>0</bIsWeighted>
      <QtyInPackage>לא ידוע</QtyInPackage>
      <ItemPrice>16.10</ItemPrice>
      <UnitOfMeasurePrice>0.02</UnitOfMeasurePrice>
      <AllowDiscount>1</AllowDiscount>
      <ItemStatus/>
    </Item>
    <Item>
      <PriceUpdateTime>2025-01-01T16:34:35.000</PriceUpdateTime>
      <ItemCode>7290005168253</ItemCode>
      <LastSaleDateTime>2015-01-01T00:00:00.000</LastSaleDateTime>
      <ItemType>1</ItemType>
      <ItemName>קליל יין אדום מתוק 7</ItemName>
      <ManufactureName>לא ידוע</ManufactureName>
      <ManufactureCountry>לא ידוע</ManufactureCountry>
      <ManufactureItemDescription>קליל יין אדום מתוק 7</ManufactureItemDescription>
      <UnitQty>לא ידוע</UnitQty>
      <Quantity>750.00</Quantity>
      <UnitOfMeasure>100 מ"ל</UnitOfMeasure>
      <bIsWeighted>0</bIsWeighted>
      <QtyInPackage>לא ידוע</QtyInPackage>
      <ItemPrice>14.10</ItemPrice>
      <UnitOfMeasurePrice>0.02</UnitOfMeasurePrice>
      <AllowDiscount>1</AllowDiscount>
      <ItemStatus>2</ItemStatus>
    </Item>
    <Item>
      <PriceUpdateTime>2025-01-01T16:34:35.000</PriceUpdateTime>
      <ItemCode>7290005168253</ItemCode>
      <LastSaleDateTime>2015-01-01T00:00:00.000</LastSaleDateTime>
      <ItemType>1</ItemType>
      <ItemName>קליל יין אדום מתוק 7</ItemName>
      <ManufactureName>לא ידוע</ManufactureName>
      <ManufactureCountry>לא ידוע</ManufactureCountry>
      <ManufactureItemDescription>קליל יין אדום מתוק 7</ManufactureItemDescription>
      <UnitQty>לא ידוע</UnitQty>
      <Quantity>750.00</Quantity>
      <UnitOfMeasure>100 מ"ל</UnitOfMeasure>
      <bIsWeighted>0</bIsWeighted>
      <QtyInPackage>לא ידוע</QtyInPackage>
      <ItemPrice>14.10</ItemPrice>
      <UnitOfMeasurePrice>0.02</UnitOfMeasurePrice>
      <AllowDiscount>1</AllowDiscount>
      <ItemStatus/>
    </Item>
    <Item>
      <PriceUpdateTime>2025-01-01T16:34:35.000</PriceUpdateTime>
      <ItemCode>7290002404965</ItemCode>
      <LastSaleDateTime>2015-01-01T00:00:00.000</LastSaleDateTime>
      <ItemType>1</ItemType>
      <ItemName>מוריה יין אדום מתוק</ItemName>
      <ManufactureName>יקבי ארזה</ManufactureName>
      <ManufactureCountry>לא ידוע</ManufactureCountry>
      <ManufactureItemDescription>מוריה יין אדום מתוק</ManufactureItemDescription>
      <UnitQty>לא ידוע</UnitQty>
      <Quantity>750.00</Quantity>
      <UnitOfMeasure>100 מ"ל</UnitOfMeasure>
      <bIsWeighted>0</bIsWeighted>
      <QtyInPackage>לא ידוע</QtyInPackage>
      <ItemPrice>16.10</ItemPrice>
      <UnitOfMeasurePrice>0.02</UnitOfMeasurePrice>
      <AllowDiscount>1</AllowDiscount>
      <ItemStatus>2</ItemStatus>
    </Item>
    <Item>
      <PriceUpdateTime>2025-01-01T16:34:35.000</PriceUpdateTime>
      <ItemCode>7290002404965</ItemCode>
      <LastSaleDateTime>2015-01-01T00:00:00.000</LastSaleDateTime>
      <ItemType>1</ItemType>
      <ItemName>מוריה יין אדום מתוק</ItemName>
      <ManufactureName>יקבי ארזה</ManufactureName>
      <ManufactureCountry>לא ידוע</ManufactureCountry>
      <ManufactureItemDescription>מוריה יין אדום מתוק</ManufactureItemDescription>
      <UnitQty>לא ידוע</UnitQty>
      <Quantity>750.00</Quantity>
      <UnitOfMeasure>100 מ"ל</UnitOfMeasure>
      <bIsWeighted>0</bIsWeighted>
      <QtyInPackage>לא ידוע</QtyInPackage>
      <ItemPrice>16.10</ItemPrice>
      <UnitOfMeasurePrice>0.02</UnitOfMeasurePrice>
      <AllowDiscount>1</AllowDiscount>
      <ItemStatus/>
    </Item>
    <Item>
      <PriceUpdateTime>2025-01-01T16:34:36.000</PriceUpdateTime>
      <ItemCode>7290005966170</ItemCode>
      <LastSaleDateTime>2015-01-01T00:00:00.000</LastSaleDateTime>
      <ItemType>1</ItemType>
      <ItemName>חרמון לבן 375 מ"ל</ItemName>
      <ManufactureName>יקב רמת הגולן</ManufactureName>
      <ManufactureCountry>לא ידוע</ManufactureCountry>
      <ManufactureItemDescription>חרמון לבן 375 מ"ל</ManufactureItemDescription>
      <UnitQty>לא ידוע</UnitQty>
      <Quantity>375.00</Quantity>
      <UnitOfMeasure>100 מ"ל</UnitOfMeasure>
      <bIsWeighted>0</bIsWeighted>
      <QtyInPackage>לא ידוע</QtyInPackage>
      <ItemPrice>19.10</ItemPrice>
      <UnitOfMeasurePrice>0.05</UnitOfMeasurePrice>
      <AllowDiscount>1</AllowDiscount>
      <ItemStatus>2</ItemStatus>
    </Item>
    <Item>
      <PriceUpdateTime>2025-01-01T16:34:36.000</PriceUpdateTime>
      <ItemCode>7290005966170</ItemCode>
      <LastSaleDateTime>2015-01-01T00:00:00.000</LastSaleDateTime>
      <ItemType>1</ItemType>
      <ItemName>חרמון לבן 375 מ"ל</ItemName>
      <ManufactureName>יקב רמת הגולן</ManufactureName>
      <ManufactureCountry>לא ידוע</ManufactureCountry>
      <ManufactureItemDescription>חרמון לבן 375 מ"ל</ManufactureItemDescription>
      <UnitQty>לא ידוע</UnitQty>
      <Quantity>375.00</Quantity>
      <UnitOfMeasure>100 מ"ל</UnitOfMeasure>
      <bIsWeighted>0</bIsWeighted>
      <QtyInPackage>לא ידוע</QtyInPackage>
      <ItemPrice>19.10</ItemPrice>
      <UnitOfMeasurePrice>0.05</UnitOfMeasurePrice>
      <AllowDiscount>1</AllowDiscount>
      <ItemStatus/>
    </Item>
    <Item>
      <PriceUpdateTime>2025-01-01T16:34:37.000</PriceUpdateTime>
      <ItemCode>7290012019401</ItemCode>
      <LastSaleDateTime>2026-01-29T14:32:50.000</LastSaleDateTime>
      <ItemType>1</ItemType>
      <ItemName>מיץ דובדבן 100% גרוז</ItemName>
      <ManufactureName>לא ידוע</ManufactureName>
      <ManufactureCountry>לא ידוע</ManufactureCountry>
      <ManufactureItemDescription>מיץ דובדבן 100% גרוז</ManufactureItemDescription>
      <UnitQty>ליטר</UnitQty>
      <Quantity>1.00</Quantity>
      <UnitOfMeasure>ליטר    </UnitOfMeasure>
      <bIsWeighted>0</bIsWeighted>
      <QtyInPackage>לא ידוע</QtyInPackage>
      <ItemPrice>19.10</ItemPrice>
      <UnitOfMeasurePrice>19.10</UnitOfMeasurePrice>
      <AllowDiscount>1</AllowDiscount>
      <ItemStatus/>
    </Item>
    <Item>
      <PriceUpdateTime>2025-01-01T16:34:37.000</PriceUpdateTime>
      <ItemCode>7290011240868</ItemCode>
      <LastSaleDateTime>2015-01-01T00:00:00.000</LastSaleDateTime>
      <ItemType>1</ItemType>
      <ItemName>מוסקטו אדום מבעבע</ItemName>
      <ManufactureName>יקבי ציון</ManufactureName>
      <ManufactureCountry>ישראל</ManufactureCountry>
      <ManufactureItemDescription>מוסקטו אדום מבעבע</ManufactureItemDescription>
      <UnitQty>לא ידוע</UnitQty>
      <Quantity>750.00</Quantity>
      <UnitOfMeasure>100 מ"ל</UnitOfMeasure>
      <bIsWeighted>0</bIsWeighted>
      <QtyInPackage>לא ידוע</QtyInPackage>
      <ItemPrice>28.20</ItemPrice>
      <UnitOfMeasurePrice>0.04</UnitOfMeasurePrice>
      <AllowDiscount>1</AllowDiscount>
      <ItemStatus>2</ItemStatus>
    </Item>
    <Item>
      <PriceUpdateTime>2025-01-01T16:34:37.000</PriceUpdateTime>
      <ItemCode>7290011240868</ItemCode>
      <LastSaleDateTime>2015-01-01T00:00:00.000</LastSaleDateTime>
      <ItemType>1</ItemType>
      <ItemName>מוסקטו אדום מבעבע</ItemName>
      <ManufactureName>יקבי ציון</ManufactureName>
      <ManufactureCountry>ישראל</ManufactureCountry>
      <ManufactureItemDescription>מוסקטו אדום מבעבע</ManufactureItemDescription>
      <UnitQty>לא ידוע</UnitQty>
      <Quantity>750.00</Quantity>
      <UnitOfMeasure>100 מ"ל</UnitOfMeasure>
      <bIsWeighted>0</bIsWeighted>
      <QtyInPackage>לא ידוע</QtyInPackage>
      <ItemPrice>28.20</ItemPrice>
      <UnitOfMeasurePrice>0.04</UnitOfMeasurePrice>
      <AllowDiscount>1</AllowDiscount>
      <ItemStatus/>
    </Item>
    <Item>
      <PriceUpdateTime>2025-01-01T16:34:37.000</PriceUpdateTime>
      <ItemCode>7290011240905</ItemCode>
      <LastSaleDateTime>2015-01-01T00:00:00.000</LastSaleDateTime>
      <ItemType>1</ItemType>
      <ItemName>מוסקטו לבן מבעבע</ItemName>
      <ManufactureName>יקבי ציון</ManufactureName>
      <ManufactureCountry>ישראל</ManufactureCountry>
      <ManufactureItemDescription>מוסקטו לבן מבעבע</ManufactureItemDescription>
      <UnitQty>לא ידוע</UnitQty>
      <Quantity>750.00</Quantity>
      <UnitOfMeasure>100 מ"ל</UnitOfMeasure>
      <bIsWeighted>0</bIsWeighted>
      <QtyInPackage>לא ידוע</QtyInPackage>
      <ItemPrice>28.20</ItemPrice>
      <UnitOfMeasurePrice>0.04</UnitOfMeasurePrice>
      <AllowDiscount>1</AllowDiscount>
      <ItemStatus>2</ItemStatus>
    </Item>
    <Item>
      <PriceUpdateTime>2025-01-01T16:34:37.000</PriceUpdateTime>
      <ItemCode>7290011240905</ItemCode>
      <LastSaleDateTime>2015-01-01T00:00:00.000</LastSaleDateTime>
      <ItemType>1</ItemType>
      <ItemName>מוסקטו לבן מבעבע</ItemName>
      <ManufactureName>יקבי ציון</ManufactureName>
      <ManufactureCountry>ישראל</ManufactureCountry>
      <ManufactureItemDescription>מוסקטו לבן מבעבע</ManufactureItemDescription>
      <UnitQty>לא ידוע</UnitQty>
      <Quantity>750.00</Quantity>
      <UnitOfMeasure>100 מ"ל</UnitOfMeasure>
      <bIsWeighted>0</bIsWeighted>
      <QtyInPackage>לא ידוע</QtyInPackage>
      <ItemPrice>28.20</ItemPrice>
      <UnitOfMeasurePrice>0.04</UnitOfMeasurePrice>
      <AllowDiscount>1</AllowDiscount>
      <ItemStatus/>
    </Item>
    <Item>
      <PriceUpdateTime>2025-01-01T16:34:37.000</PriceUpdateTime>
      <ItemCode>7290010173037</ItemCode>
      <LastSaleDateTime>2015-01-01T00:00:00.000</LastSaleDateTime>
      <ItemType>1</ItemType>
      <ItemName>רוזה הרי גליל 750 מ"</ItemName>
      <ManufactureName>יקב הרי גליל</ManufactureName>
      <ManufactureCountry>לא ידוע</ManufactureCountry>
      <ManufactureItemDescription>רוזה הרי גליל 750 מ"</ManufactureItemDescription>
      <UnitQty>לא ידוע</UnitQty>
      <Quantity>750.00</Quantity>
      <UnitOfMeasure>100 מ"ל</UnitOfMeasure>
      <bIsWeighted>0</bIsWeighted>
      <QtyInPackage>לא ידוע</QtyInPackage>
      <ItemPrice>37.30</ItemPrice>
      <UnitOfMeasurePrice>0.05</UnitOfMeasurePrice>
      <AllowDiscount>1</AllowDiscount>
      <ItemStatus>2</ItemStatus>
    </Item>
    <Item>
      <PriceUpdateTime>2025-01-01T16:34:37.000</PriceUpdateTime>
      <ItemCode>7290010173037</ItemCode>
      <LastSaleDateTime>2015-01-01T00:00:00.000</LastSaleDateTime>
      <ItemType>1</ItemType>
      <ItemName>רוזה הרי גליל 750 מ"</ItemName>
      <ManufactureName>יקב הרי גליל</ManufactureName>
      <ManufactureCountry>לא ידוע</ManufactureCountry>
      <ManufactureItemDescription>רוזה הרי גליל 750 מ"</ManufactureItemDescription>
      <UnitQty>לא ידוע</UnitQty>
      <Quantity>750.00</Quantity>
      <UnitOfMeasure>100 מ"ל</UnitOfMeasure>
      <bIsWeighted>0</bIsWeighted>
      <QtyInPackage>לא ידוע</QtyInPackage>
      <ItemPrice>37.30</ItemPrice>
      <UnitOfMeasurePrice>0.05</UnitOfMeasurePrice>
      <AllowDiscount>1</AllowDiscount>
      <ItemStatus/>
    </Item>
    <Item>
      <PriceUpdateTime>2025-01-01T16:34:38.000</PriceUpdateTime>
      <ItemCode>7290014466135</ItemCode>
      <LastSaleDateTime>2015-01-01T00:00:00.000</LastSaleDateTime>
      <ItemType>1</ItemType>
      <ItemName>חרמון אינדגו 375 מ"ל</ItemName>
      <ManufactureName>יקב רמת הגולן</ManufactureName>
      <ManufactureCountry>לא ידוע</ManufactureCountry>
      <ManufactureItemDescription>חרמון אינדגו 375 מ"ל</ManufactureItemDescription>
      <UnitQty>לא ידוע</UnitQty>
      <Quantity>375.00</Quantity>
      <UnitOfMeasure>100 מ"ל</UnitOfMeasure>
      <bIsWeighted>0</bIsWeighted>
      <QtyInPackage>לא ידוע</QtyInPackage>
      <ItemPrice>19.10</ItemPrice>
      <UnitOfMeasurePrice>0.05</UnitOfMeasurePrice>
      <AllowDiscount>1</AllowDiscount>
      <ItemStatus>2</ItemStatus>
    </Item>
    <Item>
      <PriceUpdateTime>2025-01-01T16:34:38.000</PriceUpdateTime>
      <ItemCode>7290014466135</ItemCode>
      <LastSaleDateTime>2015-01-01T00:00:00.000</LastSaleDateTime>
      <ItemType>1</ItemType>
      <ItemName>חרמון אינדגו 375 מ"ל</ItemName>
      <ManufactureName>יקב רמת הגולן</ManufactureName>
      <ManufactureCountry>לא ידוע</ManufactureCountry>
      <ManufactureItemDescription>חרמון אינדגו 375 מ"ל</ManufactureItemDescription>
      <UnitQty>לא ידוע</UnitQty>
      <Quantity>375.00</Quantity>
      <UnitOfMeasure>100 מ"ל</UnitOfMeasure>
      <bIsWeighted>0</bIsWeighted>
      <QtyInPackage>לא ידוע</QtyInPackage>
      <ItemPrice>19.10</ItemPrice>
      <UnitOfMeasurePrice>0.05</UnitOfMeasurePrice>
      <AllowDiscount>1</AllowDiscount>
      <ItemStatus/>
    </Item>
    <Item>
      <PriceUpdateTime>2025-01-01T16:34:38.000</PriceUpdateTime>
      <ItemCode>7290014501232</ItemCode>
      <LastSaleDateTime>2015-01-01T00:00:00.000</LastSaleDateTime>
      <ItemType>1</ItemType>
      <ItemName>הרי גליל לבן 750 מ"ל</ItemName>
      <ManufactureName>יקב הרי גליל</ManufactureName>
      <ManufactureCountry>לא ידוע</ManufactureCountry>
      <ManufactureItemDescription>הרי גליל לבן 750 מ"ל</ManufactureItemDescription>
      <UnitQty>לא ידוע</UnitQty>
      <Quantity>750.00</Quantity>
      <UnitOfMeasure>100 מ"ל</UnitOfMeasure>
      <bIsWeighted>0</bIsWeighted>
      <QtyInPackage>לא ידוע</QtyInPackage>
      <ItemPrice>37.30</ItemPrice>
      <UnitOfMeasurePrice>0.05</UnitOfMeasurePrice>
      <AllowDiscount>1</AllowDiscount>
      <ItemStatus>2</ItemStatus>
    </Item>
    <Item>
      <PriceUpdateTime>2025-01-01T16:34:38.000</PriceUpdateTime>
      <ItemCode>7290014501232</ItemCode>
      <LastSaleDateTime>2015-01-01T00:00:00.000</LastSaleDateTime>
      <ItemType>1</ItemType>
      <ItemName>הרי גליל לבן 750 מ"ל</ItemName>
      <ManufactureName>יקב הרי גליל</ManufactureName>
      <ManufactureCountry>לא ידוע</ManufactureCountry>
      <ManufactureItemDescription>הרי גליל לבן 750 מ"ל</ManufactureItemDescription>
      <UnitQty>לא ידוע</UnitQty>
      <Quantity>750.00</Quantity>
      <UnitOfMeasure>100 מ"ל</UnitOfMeasure>
      <bIsWeighted>0</bIsWeighted>
      <QtyInPackage>לא ידוע</QtyInPackage>
      <ItemPrice>37.30</ItemPrice>
      <UnitOfMeasurePrice>0.05</UnitOfMeasurePrice>
      <AllowDiscount>1</AllowDiscount>
      <ItemStatus/>
    </Item>
    <Item>
      <PriceUpdateTime>2025-01-01T16:34:39.000</PriceUpdateTime>
      <ItemCode>7290016682250</ItemCode>
      <LastSaleDateTime>2026-01-22T14:48:18.000</LastSaleDateTime>
      <ItemType>1</ItemType>
      <ItemName>מיץ תפוגזר 1ליטר</ItemName>
      <ManufactureName>לא ידוע</ManufactureName>
      <ManufactureCountry>לא ידוע</ManufactureCountry>
      <ManufactureItemDescription>מיץ תפוגזר 1ליטר</ManufactureItemDescription>
      <UnitQty>ליטר</UnitQty>
      <Quantity>1.00</Quantity>
      <UnitOfMeasure>ליטר    </UnitOfMeasure>
      <bIsWeighted>0</bIsWeighted>
      <QtyInPackage>לא ידוע</QtyInPackage>
      <ItemPrice>15.90</ItemPrice>
      <UnitOfMeasurePrice>15.90</UnitOfMeasurePrice>
      <AllowDiscount>1</AllowDiscount>
      <ItemStatus/>
    </Item>
    <Item>
      <PriceUpdateTime>2025-01-01T16:34:40.000</PriceUpdateTime>
      <ItemCode>7290016693546</ItemCode>
      <LastSaleDateTime>2026-01-20T12:15:27.000</LastSaleDateTime>
      <ItemType>1</ItemType>
      <ItemName>יין עונות קברנה 750</ItemName>
      <ManufactureName>לא ידוע</ManufactureName>
      <ManufactureCountry>לא ידוע</ManufactureCountry>
      <ManufactureItemDescription>יין עונות קברנה 750</ManufactureItemDescription>
      <UnitQty>לא ידוע</UnitQty>
      <Quantity>750.00</Quantity>
      <UnitOfMeasure>100 מ"ל</UnitOfMeasure>
      <bIsWeighted>0</bIsWeighted>
      <QtyInPackage>לא ידוע</QtyInPackage>
      <ItemPrice>29.20</ItemPrice>
      <UnitOfMeasurePrice>0.04</UnitOfMeasurePrice>
      <AllowDiscount>1</AllowDiscount>
      <ItemStatus/>
    </Item>
    <Item>
      <PriceUpdateTime>2025-01-01T16:34:40.000</PriceUpdateTime>
      <ItemCode>7290016693553</ItemCode>
      <LastSaleDateTime>2026-01-11T17:37:19.000</LastSaleDateTime>
      <ItemType>1</ItemType>
      <ItemName>יין עונות מרלו 750 מ</ItemName>
      <ManufactureName>לא ידוע</ManufactureName>
      <ManufactureCountry>לא ידוע</ManufactureCountry>
      <ManufactureItemDescription>יין עונות מרלו 750 מ</ManufactureItemDescription>
      <UnitQty>לא ידוע</UnitQty>
      <Quantity>750.00</Quantity>
      <UnitOfMeasure>100 מ"ל</UnitOfMeasure>
      <bIsWeighted>0</bIsWeighted>
      <QtyInPackage>לא ידוע</QtyInPackage>
      <ItemPrice>29.20</ItemPrice>
      <UnitOfMeasurePrice>0.04</UnitOfMeasurePrice>
      <AllowDiscount>1</AllowDiscount>
      <ItemStatus/>
    </Item>
    <Item>
      <PriceUpdateTime>2025-01-01T16:34:40.000</PriceUpdateTime>
      <ItemCode>7290016693560</ItemCode>
      <LastSaleDateTime>2015-01-01T00:00:00.000</LastSaleDateTime>
      <ItemType>1</ItemType>
      <ItemName>יין עונות קברנה מרלו</ItemName>
      <ManufactureName>לא ידוע</ManufactureName>
      <ManufactureCountry>לא ידוע</ManufactureCountry>
      <ManufactureItemDescription>יין עונות קברנה מרלו</ManufactureItemDescription>
      <UnitQty>לא ידוע</UnitQty>
      <Quantity>750.00</Quantity>
      <UnitOfMeasure>100 מ"ל</UnitOfMeasure>
      <bIsWeighted>0</bIsWeighted>
      <QtyInPackage>לא ידוע</QtyInPackage>
      <ItemPrice>29.20</ItemPrice>
      <UnitOfMeasurePrice>0.04</UnitOfMeasurePrice>
      <AllowDiscount>1</AllowDiscount>
      <ItemStatus>2</ItemStatus>
    </Item>
    <Item>
      <PriceUpdateTime>2025-01-01T16:34:40.000</PriceUpdateTime>
      <ItemCode>7290016693560</ItemCode>
      <LastSaleDateTime>2015-01-01T00:00:00.000</LastSaleDateTime>
      <ItemType>1</ItemType>
      <ItemName>יין עונות קברנה מרלו</ItemName>
      <ManufactureName>לא ידוע</ManufactureName>
      <ManufactureCountry>לא ידוע</ManufactureCountry>
      <ManufactureItemDescription>יין עונות קברנה מרלו</ManufactureItemDescription>
      <UnitQty>לא ידוע</UnitQty>
      <Quantity>750.00</Quantity>
      <UnitOfMeasure>100 מ"ל</UnitOfMeasure>
      <bIsWeighted>0</bIsWeighted>
      <QtyInPackage>לא ידוע</QtyInPackage>
      <ItemPrice>29.20</ItemPrice>
      <UnitOfMeasurePrice>0.04</UnitOfMeasurePrice>
      <AllowDiscount>1</AllowDiscount>
      <ItemStatus/>
    </Item>
    <Item>
      <PriceUpdateTime>2025-01-01T16:34:40.000</PriceUpdateTime>
      <ItemCode>7290016693584</ItemCode>
      <LastSaleDateTime>2026-01-01T19:22:39.000</LastSaleDateTime>
      <ItemType>1</ItemType>
      <ItemName>יין עונות שיראז 750</ItemName>
      <ManufactureName>לא ידוע</ManufactureName>
      <ManufactureCountry>לא ידוע</ManufactureCountry>
      <ManufactureItemDescription>יין עונות שיראז 750</ManufactureItemDescription>
      <UnitQty>לא ידוע</UnitQty>
      <Quantity>750.00</Quantity>
      <UnitOfMeasure>100 מ"ל</UnitOfMeasure>
      <bIsWeighted>0</bIsWeighted>
      <QtyInPackage>לא ידוע</QtyInPackage>
      <ItemPrice>29.20</ItemPrice>
      <UnitOfMeasurePrice>0.04</UnitOfMeasurePrice>
      <AllowDiscount>1</AllowDiscount>
      <ItemStatus/>
    </Item>
    <Item>
      <PriceUpdateTime>2025-01-01T16:34:40.000</PriceUpdateTime>
      <ItemCode>7290016693799</ItemCode>
      <LastSaleDateTime>2025-12-04T00:00:00.000</LastSaleDateTime>
      <ItemType>1</ItemType>
      <ItemName>מוסקטו רוזה</ItemName>
      <ManufactureName>לא ידוע</ManufactureName>
      <ManufactureCountry>לא ידוע</ManufactureCountry>
      <ManufactureItemDescription>מוסקטו רוזה</ManufactureItemDescription>
      <UnitQty>לא ידוע</UnitQty>
      <Quantity>750.00</Quantity>
      <UnitOfMeasure>100 מ"ל</UnitOfMeasure>
      <bIsWeighted>0</bIsWeighted>
      <QtyInPackage>לא ידוע</QtyInPackage>
      <ItemPrice>39.90</ItemPrice>
      <UnitOfMeasurePrice>0.05</UnitOfMeasurePrice>
      <AllowDiscount>1</AllowDiscount>
      <ItemStatus/>
    </Item>
    <Item>
      <PriceUpdateTime>2025-01-01T16:34:42.000</PriceUpdateTime>
      <ItemCode>7290018940297</ItemCode>
      <LastSaleDateTime>2015-01-01T00:00:00.000</LastSaleDateTime>
      <ItemType>1</ItemType>
      <ItemName>עונות מרלו 750 מל</ItemName>
      <ManufactureName>לא ידוע</ManufactureName>
      <ManufactureCountry>לא ידוע</ManufactureCountry>
      <ManufactureItemDescription>עונות מרלו 750 מל</ManufactureItemDescription>
      <UnitQty>לא ידוע</UnitQty>
      <Quantity>750.00</Quantity>
      <UnitOfMeasure>100 מ"ל</UnitOfMeasure>
      <bIsWeighted>0</bIsWeighted>
      <QtyInPackage>לא ידוע</QtyInPackage>
      <ItemPrice>29.20</ItemPrice>
      <UnitOfMeasurePrice>0.04</UnitOfMeasurePrice>
      <AllowDiscount>1</AllowDiscount>
      <ItemStatus>2</ItemStatus>
    </Item>
    <Item>
      <PriceUpdateTime>2025-01-01T16:34:42.000</PriceUpdateTime>
      <ItemCode>7290018940297</ItemCode>
      <LastSaleDateTime>2015-01-01T00:00:00.000</LastSaleDateTime>
      <ItemType>1</ItemType>
      <ItemName>עונות מרלו 750 מל</ItemName>
      <ManufactureName>לא ידוע</ManufactureName>
      <ManufactureCountry>לא ידוע</ManufactureCountry>
      <ManufactureItemDescription>עונות מרלו 750 מל</ManufactureItemDescription>
      <UnitQty>לא ידוע</UnitQty>
      <Quantity>750.00</Quantity>
      <UnitOfMeasure>100 מ"ל</UnitOfMeasure>
      <bIsWeighted>0</bIsWeighted>
      <QtyInPackage>לא ידוע</QtyInPackage>
      <ItemPrice>29.20</ItemPrice>
      <UnitOfMeasurePrice>0.04</UnitOfMeasurePrice>
      <AllowDiscount>1</AllowDiscount>
      <ItemStatus/>
    </Item>
    <Item>
      <PriceUpdateTime>2025-01-01T16:34:42.000</PriceUpdateTime>
      <ItemCode>7290018940303</ItemCode>
      <LastSaleDateTime>2015-01-01T00:00:00.000</LastSaleDateTime>
      <ItemType>1</ItemType>
      <ItemName>עונות קברנה 750 מל</ItemName>
      <ManufactureName>לא ידוע</ManufactureName>
      <ManufactureCountry>לא ידוע</ManufactureCountry>
      <ManufactureItemDescription>עונות קברנה 750 מל</ManufactureItemDescription>
      <UnitQty>לא ידוע</UnitQty>
      <Quantity>750.00</Quantity>
      <UnitOfMeasure>100 מ"ל</UnitOfMeasure>
      <bIsWeighted>0</bIsWeighted>
      <QtyInPackage>לא ידוע</QtyInPackage>
      <ItemPrice>29.20</ItemPrice>
      <UnitOfMeasurePrice>0.04</UnitOfMeasurePrice>
      <AllowDiscount>1</AllowDiscount>
      <ItemStatus>2</ItemStatus>
    </Item>
    <Item>
      <PriceUpdateTime>2025-01-01T16:34:42.000</PriceUpdateTime>
      <ItemCode>7290018940303</ItemCode>
      <LastSaleDateTime>2015-01-01T00:00:00.000</LastSaleDateTime>
      <ItemType>1</ItemType>
      <ItemName>עונות קברנה 750 מל</ItemName>
      <ManufactureName>לא ידוע</ManufactureName>
      <ManufactureCountry>לא ידוע</ManufactureCountry>
      <ManufactureItemDescription>עונות קברנה 750 מל</ManufactureItemDescription>
      <UnitQty>לא ידוע</UnitQty>
      <Quantity>750.00</Quantity>
      <UnitOfMeasure>100 מ"ל</UnitOfMeasure>
      <bIsWeighted>0</bIsWeighted>
      <QtyInPackage>לא ידוע</QtyInPackage>
      <ItemPrice>29.20</ItemPrice>
      <UnitOfMeasurePrice>0.04</UnitOfMeasurePrice>
      <AllowDiscount>1</AllowDiscount>
      <ItemStatus/>
    </Item>
    <Item>
      <PriceUpdateTime>2025-01-01T16:34:42.000</PriceUpdateTime>
      <ItemCode>7290018940310</ItemCode>
      <LastSaleDateTime>2026-01-20T12:15:27.000</LastSaleDateTime>
      <ItemType>1</ItemType>
      <ItemName>עונות שיראז 750 מל</ItemName>
      <ManufactureName>לא ידוע</ManufactureName>
      <ManufactureCountry>לא ידוע</ManufactureCountry>
      <ManufactureItemDescription>עונות שיראז 750 מל</ManufactureItemDescription>
      <UnitQty>לא ידוע</UnitQty>
      <Quantity>750.00</Quantity>
      <UnitOfMeasure>100 מ"ל</UnitOfMeasure>
      <bIsWeighted>0</bIsWeighted>
      <QtyInPackage>לא ידוע</QtyInPackage>
      <ItemPrice>29.20</ItemPrice>
      <UnitOfMeasurePrice>0.04</UnitOfMeasurePrice>
      <AllowDiscount>1</AllowDiscount>
      <ItemStatus/>
    </Item>
    <Item>
      <PriceUpdateTime>2025-01-01T16:34:42.000</PriceUpdateTime>
      <ItemCode>7290018940327</ItemCode>
      <LastSaleDateTime>2015-01-01T00:00:00.000</LastSaleDateTime>
      <ItemType>1</ItemType>
      <ItemName>עונות מרלו קברנה 750</ItemName>
      <ManufactureName>לא ידוע</ManufactureName>
      <ManufactureCountry>לא ידוע</ManufactureCountry>
      <ManufactureItemDescription>עונות מרלו קברנה 750</ManufactureItemDescription>
      <UnitQty>לא ידוע</UnitQty>
      <Quantity>750.00</Quantity>
      <UnitOfMeasure>100 מ"ל</UnitOfMeasure>
      <bIsWeighted>0</bIsWeighted>
      <QtyInPackage>לא ידוע</QtyInPackage>
      <ItemPrice>29.20</ItemPrice>
      <UnitOfMeasurePrice>0.04</UnitOfMeasurePrice>
      <AllowDiscount>1</AllowDiscount>
      <ItemStatus>2</ItemStatus>
    </Item>
    <Item>
      <PriceUpdateTime>2025-01-01T16:34:42.000</PriceUpdateTime>
      <ItemCode>7290018940327</ItemCode>
      <LastSaleDateTime>2015-01-01T00:00:00.000</LastSaleDateTime>
      <ItemType>1</ItemType>
      <ItemName>עונות מרלו קברנה 750</ItemName>
      <ManufactureName>לא ידוע</ManufactureName>
      <ManufactureCountry>לא ידוע</ManufactureCountry>
      <ManufactureItemDescription>עונות מרלו קברנה 750</ManufactureItemDescription>
      <UnitQty>לא ידוע</UnitQty>
      <Quantity>750.00</Quantity>
      <UnitOfMeasure>100 מ"ל</UnitOfMeasure>
      <bIsWeighted>0</bIsWeighted>
      <QtyInPackage>לא ידוע</QtyInPackage>
      <ItemPrice>29.20</ItemPrice>
      <UnitOfMeasurePrice>0.04</UnitOfMeasurePrice>
      <AllowDiscount>1</AllowDiscount>
      <ItemStatus/>
    </Item>
    <Item>
      <PriceUpdateTime>2025-01-01T16:34:43.000</PriceUpdateTime>
      <ItemCode>7290019232155</ItemCode>
      <LastSaleDateTime>2026-01-22T12:33:53.000</LastSaleDateTime>
      <ItemType>1</ItemType>
      <ItemName>ויסוצקי פלוס לילה טו</ItemName>
      <ManufactureName>לא ידוע</ManufactureName>
      <ManufactureCountry>לא ידוע</ManufactureCountry>
      <ManufactureItemDescription>ויסוצקי פלוס לילה טו</ManufactureItemDescription>
      <UnitQty>גרם</UnitQty>
      <Quantity>37.50</Quantity>
      <UnitOfMeasure>100 גרם</UnitOfMeasure>
      <bIsWeighted>0</bIsWeighted>
      <QtyInPackage>לא ידוע</QtyInPackage>
      <ItemPrice>19.10</ItemPrice>
      <UnitOfMeasurePrice>50.93</UnitOfMeasurePrice>
      <AllowDiscount>1</AllowDiscount>
      <ItemStatus/>
    </Item>
    <Item>
      <PriceUpdateTime>2025-01-01T16:34:43.000</PriceUpdateTime>
      <ItemCode>7290018940358</ItemCode>
      <LastSaleDateTime>2015-01-01T00:00:00.000</LastSaleDateTime>
      <ItemType>1</ItemType>
      <ItemName>בראשית קברנה סובניון</ItemName>
      <ManufactureName>לא ידוע</ManufactureName>
      <ManufactureCountry>לא ידוע</ManufactureCountry>
      <ManufactureItemDescription>בראשית קברנה סובניון</ManufactureItemDescription>
      <UnitQty>לא ידוע</UnitQty>
      <Quantity>750.00</Quantity>
      <UnitOfMeasure>100 מ"ל</UnitOfMeasure>
      <bIsWeighted>0</bIsWeighted>
      <QtyInPackage>לא ידוע</QtyInPackage>
      <ItemPrice>35.30</ItemPrice>
      <UnitOfMeasurePrice>0.05</UnitOfMeasurePrice>
      <AllowDiscount>1</AllowDiscount>
      <ItemStatus>2</ItemStatus>
    </Item>
    <Item>
      <PriceUpdateTime>2025-01-01T16:34:43.000</PriceUpdateTime>
      <ItemCode>7290018940358</ItemCode>
      <LastSaleDateTime>2015-01-01T00:00:00.000</LastSaleDateTime>
      <ItemType>1</ItemType>
      <ItemName>בראשית קברנה סובניון</ItemName>
      <ManufactureName>לא ידוע</ManufactureName>
      <ManufactureCountry>לא ידוע</ManufactureCountry>
      <ManufactureItemDescription>בראשית קברנה סובניון</ManufactureItemDescription>
      <UnitQty>לא ידוע</UnitQty>
      <Quantity>750.00</Quantity>
      <UnitOfMeasure>100 מ"ל</UnitOfMeasure>
      <bIsWeighted>0</bIsWeighted>
      <QtyInPackage>לא ידוע</QtyInPackage>
      <ItemPrice>35.30</ItemPrice>
      <UnitOfMeasurePrice>0.05</UnitOfMeasurePrice>
      <AllowDiscount>1</AllowDiscount>
      <ItemStatus/>
    </Item>
    <Item>
      <PriceUpdateTime>2025-01-01T16:34:46.000</PriceUpdateTime>
      <ItemCode>7290108620306</ItemCode>
      <LastSaleDateTime>2015-01-01T00:00:00.000</LastSaleDateTime>
      <ItemType>1</ItemType>
      <ItemName>אימפריאל קברנה סובני</ItemName>
      <ManufactureName>לא ידוע</ManufactureName>
      <ManufactureCountry>לא ידוע</ManufactureCountry>
      <ManufactureItemDescription>אימפריאל קברנה סובני</ManufactureItemDescription>
      <UnitQty>לא ידוע</UnitQty>
      <Quantity>375.00</Quantity>
      <UnitOfMeasure>100 מ"ל</UnitOfMeasure>
      <bIsWeighted>0</bIsWeighted>
      <QtyInPackage>לא ידוע</QtyInPackage>
      <ItemPrice>17.10</ItemPrice>
      <UnitOfMeasurePrice>0.05</UnitOfMeasurePrice>
      <AllowDiscount>1</AllowDiscount>
      <ItemStatus>2</ItemStatus>
    </Item>
    <Item>
      <PriceUpdateTime>2025-01-01T16:34:46.000</PriceUpdateTime>
      <ItemCode>7290108620306</ItemCode>
      <LastSaleDateTime>2015-01-01T00:00:00.000</LastSaleDateTime>
      <ItemType>1</ItemType>
      <ItemName>אימפריאל קברנה סובני</ItemName>
      <ManufactureName>לא ידוע</ManufactureName>
      <ManufactureCountry>לא ידוע</ManufactureCountry>
      <ManufactureItemDescription>אימפריאל קברנה סובני</ManufactureItemDescription>
      <UnitQty>לא ידוע</UnitQty>
      <Quantity>375.00</Quantity>
      <UnitOfMeasure>100 מ"ל</UnitOfMeasure>
      <bIsWeighted>0</bIsWeighted>
      <QtyInPackage>לא ידוע</QtyInPackage>
      <ItemPrice>17.10</ItemPrice>
      <UnitOfMeasurePrice>0.05</UnitOfMeasurePrice>
      <AllowDiscount>1</AllowDiscount>
      <ItemStatus/>
    </Item>
    <Item>
      <PriceUpdateTime>2025-01-01T16:34:46.000</PriceUpdateTime>
      <ItemCode>7290108620320</ItemCode>
      <LastSaleDateTime>2015-01-01T00:00:00.000</LastSaleDateTime>
      <ItemType>1</ItemType>
      <ItemName>אימפריאל סובניון 375</ItemName>
      <ManufactureName>לא ידוע</ManufactureName>
      <ManufactureCountry>לא ידוע</ManufactureCountry>
      <ManufactureItemDescription>אימפריאל סובניון 375</ManufactureItemDescription>
      <UnitQty>לא ידוע</UnitQty>
      <Quantity>375.00</Quantity>
      <UnitOfMeasure>100 מ"ל</UnitOfMeasure>
      <bIsWeighted>0</bIsWeighted>
      <QtyInPackage>לא ידוע</QtyInPackage>
      <ItemPrice>17.10</ItemPrice>
      <UnitOfMeasurePrice>0.05</UnitOfMeasurePrice>
      <AllowDiscount>1</AllowDiscount>
      <ItemStatus>2</ItemStatus>
    </Item>
    <Item>
      <PriceUpdateTime>2025-01-01T16:34:46.000</PriceUpdateTime>
      <ItemCode>7290108620320</ItemCode>
      <LastSaleDateTime>2015-01-01T00:00:00.000</LastSaleDateTime>
      <ItemType>1</ItemType>
      <ItemName>אימפריאל סובניון 375</ItemName>
      <ManufactureName>לא ידוע</ManufactureName>
      <ManufactureCountry>לא ידוע</ManufactureCountry>
      <ManufactureItemDescription>אימפריאל סובניון 375</ManufactureItemDescription>
      <UnitQty>לא ידוע</UnitQty>
      <Quantity>375.00</Quantity>
      <UnitOfMeasure>100 מ"ל</UnitOfMeasure>
      <bIsWeighted>0</bIsWeighted>
      <QtyInPackage>לא ידוע</QtyInPackage>
      <ItemPrice>17.10</ItemPrice>
      <UnitOfMeasurePrice>0.05</UnitOfMeasurePrice>
      <AllowDiscount>1</AllowDiscount>
      <ItemStatus/>
    </Item>
    <Item>
      <PriceUpdateTime>2025-01-01T16:34:46.000</PriceUpdateTime>
      <ItemCode>7290108620368</ItemCode>
      <LastSaleDateTime>2015-01-01T00:00:00.000</LastSaleDateTime>
      <ItemType>1</ItemType>
      <ItemName>גן עדן יין מתוק לבן</ItemName>
      <ManufactureName>לא ידוע</ManufactureName>
      <ManufactureCountry>לא ידוע</ManufactureCountry>
      <ManufactureItemDescription>גן עדן יין מתוק לבן</ManufactureItemDescription>
      <UnitQty>לא ידוע</UnitQty>
      <Quantity>750.00</Quantity>
      <UnitOfMeasure>100 מ"ל</UnitOfMeasure>
      <bIsWeighted>0</bIsWeighted>
      <QtyInPackage>לא ידוע</QtyInPackage>
      <ItemPrice>20.10</ItemPrice>
      <UnitOfMeasurePrice>0.03</UnitOfMeasurePrice>
      <AllowDiscount>1</AllowDiscount>
      <ItemStatus>2</ItemStatus>
    </Item>
    <Item>
      <PriceUpdateTime>2025-01-01T16:34:46.000</PriceUpdateTime>
      <ItemCode>7290108620368</ItemCode>
      <LastSaleDateTime>2015-01-01T00:00:00.000</LastSaleDateTime>
      <ItemType>1</ItemType>
      <ItemName>גן עדן יין מתוק לבן</ItemName>
      <ManufactureName>לא ידוע</ManufactureName>
      <ManufactureCountry>לא ידוע</ManufactureCountry>
      <ManufactureItemDescription>גן עדן יין מתוק לבן</ManufactureItemDescription>
      <UnitQty>לא ידוע</UnitQty>
      <Quantity>750.00</Quantity>
      <UnitOfMeasure>100 מ"ל</UnitOfMeasure>
      <bIsWeighted>0</bIsWeighted>
      <QtyInPackage>לא ידוע</QtyInPackage>
      <ItemPrice>20.10</ItemPrice>
      <UnitOfMeasurePrice>0.03</UnitOfMeasurePrice>
      <AllowDiscount>1</AllowDiscount>
      <ItemStatus/>
    </Item>
    <Item>
      <PriceUpdateTime>2025-01-01T16:34:46.000</PriceUpdateTime>
      <ItemCode>7290108620313</ItemCode>
      <LastSaleDateTime>2015-01-01T00:00:00.000</LastSaleDateTime>
      <ItemType>1</ItemType>
      <ItemName>יין רוזה 375 מל יקבי</ItemName>
      <ManufactureName>לא ידוע</ManufactureName>
      <ManufactureCountry>לא ידוע</ManufactureCountry>
      <ManufactureItemDescription>יין רוזה 375 מל יקבי</ManufactureItemDescription>
      <UnitQty>לא ידוע</UnitQty>
      <Quantity>375.00</Quantity>
      <UnitOfMeasure>100 מ"ל</UnitOfMeasure>
      <bIsWeighted>0</bIsWeighted>
      <QtyInPackage>לא ידוע</QtyInPackage>
      <ItemPrice>17.10</ItemPrice>
      <UnitOfMeasurePrice>0.05</UnitOfMeasurePrice>
      <AllowDiscount>1</AllowDiscount>
      <ItemStatus>2</ItemStatus>
    </Item>
    <Item>
      <PriceUpdateTime>2025-01-01T16:34:46.000</PriceUpdateTime>
      <ItemCode>7290108620313</ItemCode>
      <LastSaleDateTime>2015-01-01T00:00:00.000</LastSaleDateTime>
      <ItemType>1</ItemType>
      <ItemName>יין רוזה 375 מל יקבי</ItemName>
      <ManufactureName>לא ידוע</ManufactureName>
      <ManufactureCountry>לא ידוע</ManufactureCountry>
      <ManufactureItemDescription>יין רוזה 375 מל יקבי</ManufactureItemDescription>
      <UnitQty>לא ידוע</UnitQty>
      <Quantity>375.00</Quantity>
      <UnitOfMeasure>100 מ"ל</UnitOfMeasure>
      <bIsWeighted>0</bIsWeighted>
      <QtyInPackage>לא ידוע</QtyInPackage>
      <ItemPrice>17.10</ItemPrice>
      <UnitOfMeasurePrice>0.05</UnitOfMeasurePrice>
      <AllowDiscount>1</AllowDiscount>
      <ItemStatus/>
    </Item>
    <Item>
      <PriceUpdateTime>2025-01-01T16:34:50.000</PriceUpdateTime>
      <ItemCode>8032573170035</ItemCode>
      <LastSaleDateTime>2026-01-13T17:56:57.000</LastSaleDateTime>
      <ItemType>1</ItemType>
      <ItemName>היוצר מוסקטו טרה סינ</ItemName>
      <ManufactureName>לא ידוע</ManufactureName>
      <ManufactureCountry>לא ידוע</ManufactureCountry>
      <ManufactureItemDescription>היוצר מוסקטו טרה סינ</ManufactureItemDescription>
      <UnitQty>לא ידוע</UnitQty>
      <Quantity>750.00</Quantity>
      <UnitOfMeasure>100 מ"ל</UnitOfMeasure>
      <bIsWeighted>0</bIsWeighted>
      <QtyInPackage>לא ידוע</QtyInPackage>
      <ItemPrice>39.90</ItemPrice>
      <UnitOfMeasurePrice>0.05</UnitOfMeasurePrice>
      <AllowDiscount>1</AllowDiscount>
      <ItemStatus/>
    </Item>
    <Item>
      <PriceUpdateTime>2025-01-01T16:34:51.000</PriceUpdateTime>
      <ItemCode>8033267620317</ItemCode>
      <LastSaleDateTime>2015-01-01T00:00:00.000</LastSaleDateTime>
      <ItemType>1</ItemType>
      <ItemName>יין קברנה סוביניון ג</ItemName>
      <ManufactureName>לא ידוע</ManufactureName>
      <ManufactureCountry>לא ידוע</ManufactureCountry>
      <ManufactureItemDescription>יין קברנה סוביניון ג</ManufactureItemDescription>
      <UnitQty>לא ידוע</UnitQty>
      <Quantity>750.00</Quantity>
      <UnitOfMeasure>100 מ"ל</UnitOfMeasure>
      <bIsWeighted>0</bIsWeighted>
      <QtyInPackage>לא ידוע</QtyInPackage>
      <ItemPrice>35.30</ItemPrice>
      <UnitOfMeasurePrice>0.05</UnitOfMeasurePrice>
      <AllowDiscount>1</AllowDiscount>
      <ItemStatus>2</ItemStatus>
    </Item>
    <Item>
      <PriceUpdateTime>2025-01-01T16:34:51.000</PriceUpdateTime>
      <ItemCode>8033267620317</ItemCode>
      <LastSaleDateTime>2015-01-01T00:00:00.000</LastSaleDateTime>
      <ItemType>1</ItemType>
      <ItemName>יין קברנה סוביניון ג</ItemName>
      <ManufactureName>לא ידוע</ManufactureName>
      <ManufactureCountry>לא ידוע</ManufactureCountry>
      <ManufactureItemDescription>יין קברנה סוביניון ג</ManufactureItemDescription>
      <UnitQty>לא ידוע</UnitQty>
      <Quantity>750.00</Quantity>
      <UnitOfMeasure>100 מ"ל</UnitOfMeasure>
      <bIsWeighted>0</bIsWeighted>
      <QtyInPackage>לא ידוע</QtyInPackage>
      <ItemPrice>35.30</ItemPrice>
      <UnitOfMeasurePrice>0.05</UnitOfMeasurePrice>
      <AllowDiscount>1</AllowDiscount>
      <ItemStatus/>
    </Item>
    <Item>
      <PriceUpdateTime>2025-01-01T16:34:51.000</PriceUpdateTime>
      <ItemCode>8033267620324</ItemCode>
      <LastSaleDateTime>2015-01-01T00:00:00.000</LastSaleDateTime>
      <ItemType>1</ItemType>
      <ItemName>יין מרלו גליל 750 מ"</ItemName>
      <ManufactureName>לא ידוע</ManufactureName>
      <ManufactureCountry>לא ידוע</ManufactureCountry>
      <ManufactureItemDescription>יין מרלו גליל 750 מ"</ManufactureItemDescription>
      <UnitQty>לא ידוע</UnitQty>
      <Quantity>750.00</Quantity>
      <UnitOfMeasure>100 מ"ל</UnitOfMeasure>
      <bIsWeighted>0</bIsWeighted>
      <QtyInPackage>לא ידוע</QtyInPackage>
      <ItemPrice>35.30</ItemPrice>
      <UnitOfMeasurePrice>0.05</UnitOfMeasurePrice>
      <AllowDiscount>1</AllowDiscount>
      <ItemStatus>2</ItemStatus>
    </Item>
    <Item>
      <PriceUpdateTime>2025-01-01T16:34:51.000</PriceUpdateTime>
      <ItemCode>8033267620324</ItemCode>
      <LastSaleDateTime>2015-01-01T00:00:00.000</LastSaleDateTime>
      <ItemType>1</ItemType>
      <ItemName>יין מרלו גליל 750 מ"</ItemName>
      <ManufactureName>לא ידוע</ManufactureName>
      <ManufactureCountry>לא ידוע</ManufactureCountry>
      <ManufactureItemDescription>יין מרלו גליל 750 מ"</ManufactureItemDescription>
      <UnitQty>לא ידוע</UnitQty>
      <Quantity>750.00</Quantity>
      <UnitOfMeasure>100 מ"ל</UnitOfMeasure>
      <bIsWeighted>0</bIsWeighted>
      <QtyInPackage>לא ידוע</QtyInPackage>
      <ItemPrice>35.30</ItemPrice>
      <UnitOfMeasurePrice>0.05</UnitOfMeasurePrice>
      <AllowDiscount>1</AllowDiscount>
      <ItemStatus/>
    </Item>
    <Item>
      <PriceUpdateTime>2025-01-01T16:34:52.000</PriceUpdateTime>
      <ItemCode>9003402663034</ItemCode>
      <LastSaleDateTime>2015-01-01T00:00:00.000</LastSaleDateTime>
      <ItemType>1</ItemType>
      <ItemName>בירה שטיגל הל 500 מל</ItemName>
      <ManufactureName>לא ידוע</ManufactureName>
      <ManufactureCountry>לא ידוע</ManufactureCountry>
      <ManufactureItemDescription>בירה שטיגל הל 500 מל</ManufactureItemDescription>
      <UnitQty>לא ידוע</UnitQty>
      <Quantity>500.00</Quantity>
      <UnitOfMeasure>100 מ"ל</UnitOfMeasure>
      <bIsWeighted>0</bIsWeighted>
      <QtyInPackage>לא ידוע</QtyInPackage>
      <ItemPrice>8.60</ItemPrice>
      <UnitOfMeasurePrice>0.02</UnitOfMeasurePrice>
      <AllowDiscount>1</AllowDiscount>
      <ItemStatus>2</ItemStatus>
    </Item>
    <Item>
      <PriceUpdateTime>2025-01-01T16:34:52.000</PriceUpdateTime>
      <ItemCode>9003402663034</ItemCode>
      <LastSaleDateTime>2015-01-01T00:00:00.000</LastSaleDateTime>
      <ItemType>1</ItemType>
      <ItemName>בירה שטיגל הל 500 מל</ItemName>
      <ManufactureName>לא ידוע</ManufactureName>
      <ManufactureCountry>לא ידוע</ManufactureCountry>
      <ManufactureItemDescription>בירה שטיגל הל 500 מל</ManufactureItemDescription>
      <UnitQty>לא ידוע</UnitQty>
      <Quantity>500.00</Quantity>
      <UnitOfMeasure>100 מ"ל</UnitOfMeasure>
      <bIsWeighted>0</bIsWeighted>
      <QtyInPackage>לא ידוע</QtyInPackage>
      <ItemPrice>8.60</ItemPrice>
      <UnitOfMeasurePrice>0.02</UnitOfMeasurePrice>
      <AllowDiscount>1</AllowDiscount>
      <ItemStatus/>
    </Item>
    <Item>
      <PriceUpdateTime>2025-01-01T16:35:55.000</PriceUpdateTime>
      <ItemCode>7290117860441</ItemCode>
      <LastSaleDateTime>2026-01-28T16:31:28.000</LastSaleDateTime>
      <ItemType>1</ItemType>
      <ItemName>מרכך פריחת הדובדבן 6</ItemName>
      <ManufactureName>לא ידוע</ManufactureName>
      <ManufactureCountry>לא ידוע</ManufactureCountry>
      <ManufactureItemDescription>מרכך פריחת הדובדבן 6</ManufactureItemDescription>
      <UnitQty>לא ידוע</UnitQty>
      <Quantity>650.00</Quantity>
      <UnitOfMeasure>100 מ"ל</UnitOfMeasure>
      <bIsWeighted>0</bIsWeighted>
      <QtyInPackage>לא ידוע</QtyInPackage>
      <ItemPrice>13.60</ItemPrice>
      <UnitOfMeasurePrice>0.02</UnitOfMeasurePrice>
      <AllowDiscount>1</AllowDiscount>
      <ItemStatus/>
    </Item>
    <Item>
      <PriceUpdateTime>2025-01-01T16:35:55.000</PriceUpdateTime>
      <ItemCode>7290117860595</ItemCode>
      <LastSaleDateTime>2026-01-29T19:15:11.000</LastSaleDateTime>
      <ItemType>1</ItemType>
      <ItemName>הוואי מרכך מתיר קשרי</ItemName>
      <ManufactureName>לא ידוע</ManufactureName>
      <ManufactureCountry>לא ידוע</ManufactureCountry>
      <ManufactureItemDescription>הוואי מרכך מתיר קשרי</ManufactureItemDescription>
      <UnitQty>לא ידוע</UnitQty>
      <Quantity>650.00</Quantity>
      <UnitOfMeasure>100 מ"ל</UnitOfMeasure>
      <bIsWeighted>0</bIsWeighted>
      <QtyInPackage>לא ידוע</QtyInPackage>
      <ItemPrice>13.60</ItemPrice>
      <UnitOfMeasurePrice>0.02</UnitOfMeasurePrice>
      <AllowDiscount>1</AllowDiscount>
      <ItemStatus/>
    </Item>
    <Item>
      <PriceUpdateTime>2025-01-01T16:35:55.000</PriceUpdateTime>
      <ItemCode>7290117860892</ItemCode>
      <LastSaleDateTime>2026-01-22T21:32:35.000</LastSaleDateTime>
      <ItemType>1</ItemType>
      <ItemName>הוואי תחליב רחצה יוג</ItemName>
      <ManufactureName>לא ידוע</ManufactureName>
      <ManufactureCountry>לא ידוע</ManufactureCountry>
      <ManufactureItemDescription>הוואי תחליב רחצה יוג</ManufactureItemDescription>
      <UnitQty>לא ידוע</UnitQty>
      <Quantity>650.00</Quantity>
      <UnitOfMeasure>100 מ"ל</UnitOfMeasure>
      <bIsWeighted>0</bIsWeighted>
      <QtyInPackage>לא ידוע</QtyInPackage>
      <ItemPrice>13.60</ItemPrice>
      <UnitOfMeasurePrice>0.02</UnitOfMeasurePrice>
      <AllowDiscount>1</AllowDiscount>
      <ItemStatus/>
    </Item>
    <Item>
      <PriceUpdateTime>2025-01-01T16:35:55.000</PriceUpdateTime>
      <ItemCode>7290117860946</ItemCode>
      <LastSaleDateTime>2026-01-29T12:42:28.000</LastSaleDateTime>
      <ItemType>1</ItemType>
      <ItemName>הוואי תחליב רחצה יוג</ItemName>
      <ManufactureName>לא ידוע</ManufactureName>
      <ManufactureCountry>לא ידוע</ManufactureCountry>
      <ManufactureItemDescription>הוואי תחליב רחצה יוג</ManufactureItemDescription>
      <UnitQty>לא ידוע</UnitQty>
      <Quantity>650.00</Quantity>
      <UnitOfMeasure>100 מ"ל</UnitOfMeasure>
      <bIsWeighted>0</bIsWeighted>
      <QtyInPackage>לא ידוע</QtyInPackage>
      <ItemPrice>13.60</ItemPrice>
      <UnitOfMeasurePrice>0.02</UnitOfMeasurePrice>
      <AllowDiscount>1</AllowDiscount>
      <ItemStatus/>
    </Item>
    <Item>
      <PriceUpdateTime>2025-01-01T16:35:55.000</PriceUpdateTime>
      <ItemCode>7290117860991</ItemCode>
      <LastSaleDateTime>2026-01-28T09:41:22.000</LastSaleDateTime>
      <ItemType>1</ItemType>
      <ItemName>הוואי תחליב רחצה יוג</ItemName>
      <ManufactureName>לא ידוע</ManufactureName>
      <ManufactureCountry>לא ידוע</ManufactureCountry>
      <ManufactureItemDescription>הוואי תחליב רחצה יוג</ManufactureItemDescription>
      <UnitQty>לא ידוע</UnitQty>
      <Quantity>650.00</Quantity>
      <UnitOfMeasure>100 מ"ל</UnitOfMeasure>
      <bIsWeighted>0</bIsWeighted>
      <QtyInPackage>לא ידוע</QtyInPackage>
      <ItemPrice>13.60</ItemPrice>
      <UnitOfMeasurePrice>0.02</UnitOfMeasurePrice>
      <AllowDiscount>1</AllowDiscount>
      <ItemStatus/>
    </Item>
    <Item>
      <PriceUpdateTime>2025-01-01T16:35:58.000</PriceUpdateTime>
      <ItemCode>7296168015786</ItemCode>
      <LastSaleDateTime>2026-01-29T12:07:00.000</LastSaleDateTime>
      <ItemType>1</ItemType>
      <ItemName>זוג כפיות רכות לתינו</ItemName>
      <ManufactureName>איתן</ManufactureName>
      <ManufactureCountry>לא ידוע</ManufactureCountry>
      <ManufactureItemDescription>זוג כפיות רכות לתינו</ManufactureItemDescription>
      <UnitQty>לא ידוע</UnitQty>
      <Quantity>2.00</Quantity>
      <UnitOfMeasure>יח'</UnitOfMeasure>
      <bIsWeighted>0</bIsWeighted>
      <QtyInPackage>לא ידוע</QtyInPackage>
      <ItemPrice>11.10</ItemPrice>
      <UnitOfMeasurePrice>5.55</UnitOfMeasurePrice>
      <AllowDiscount>1</AllowDiscount>
      <ItemStatus/>
    </Item>
    <Item>
      <PriceUpdateTime>2025-01-01T16:35:58.000</PriceUpdateTime>
      <ItemCode>7296168018244</ItemCode>
      <LastSaleDateTime>2026-01-28T13:43:19.000</LastSaleDateTime>
      <ItemType>1</ItemType>
      <ItemName>צמרוני אוזניים צבעונ</ItemName>
      <ManufactureName>לא ידוע</ManufactureName>
      <ManufactureCountry>לא ידוע</ManufactureCountry>
      <ManufactureItemDescription>צמרוני אוזניים צבעונ</ManufactureItemDescription>
      <UnitQty>לא ידוע</UnitQty>
      <Quantity>1.00</Quantity>
      <UnitOfMeasure>יח'</UnitOfMeasure>
      <bIsWeighted>0</bIsWeighted>
      <QtyInPackage>לא ידוע</QtyInPackage>
      <ItemPrice>6.00</ItemPrice>
      <UnitOfMeasurePrice>6.00</UnitOfMeasurePrice>
      <AllowDiscount>1</AllowDiscount>
      <ItemStatus/>
    </Item>
    <Item>
      <PriceUpdateTime>2025-01-01T16:35:59.000</PriceUpdateTime>
      <ItemCode>7296168089190</ItemCode>
      <LastSaleDateTime>2026-01-29T16:44:50.000</LastSaleDateTime>
      <ItemType>1</ItemType>
      <ItemName>סט מברשת ומסרק לתינו</ItemName>
      <ManufactureName>לא ידוע</ManufactureName>
      <ManufactureCountry>לא ידוע</ManufactureCountry>
      <ManufactureItemDescription>סט מברשת ומסרק לתינו</ManufactureItemDescription>
      <UnitQty>לא ידוע</UnitQty>
      <Quantity>1.00</Quantity>
      <UnitOfMeasure>יח'</UnitOfMeasure>
      <bIsWeighted>0</bIsWeighted>
      <QtyInPackage>לא ידוע</QtyInPackage>
      <ItemPrice>18.10</ItemPrice>
      <UnitOfMeasurePrice>18.10</UnitOfMeasurePrice>
      <AllowDiscount>1</AllowDiscount>
      <ItemStatus/>
    </Item>
    <Item>
      <PriceUpdateTime>2025-01-01T16:36:00.000</PriceUpdateTime>
      <ItemCode>7296168258886</ItemCode>
      <LastSaleDateTime>2026-01-22T18:31:17.000</LastSaleDateTime>
      <ItemType>1</ItemType>
      <ItemName>רפידות הנקה 30</ItemName>
      <ManufactureName>לא ידוע</ManufactureName>
      <ManufactureCountry>לא ידוע</ManufactureCountry>
      <ManufactureItemDescription>רפידות הנקה 30</ManufactureItemDescription>
      <UnitQty>לא ידוע</UnitQty>
      <Quantity>1.00</Quantity>
      <UnitOfMeasure>יח'</UnitOfMeasure>
      <bIsWeighted>0</bIsWeighted>
      <QtyInPackage>לא ידוע</QtyInPackage>
      <ItemPrice>17.10</ItemPrice>
      <UnitOfMeasurePrice>17.10</UnitOfMeasurePrice>
      <AllowDiscount>1</AllowDiscount>
      <ItemStatus/>
    </Item>
    <Item>
      <PriceUpdateTime>2025-01-01T16:36:00.000</PriceUpdateTime>
      <ItemCode>7296168330056</ItemCode>
      <LastSaleDateTime>2026-01-22T12:33:53.000</LastSaleDateTime>
      <ItemType>1</ItemType>
      <ItemName>כוס אימון לתינוק 340</ItemName>
      <ManufactureName>לא ידוע</ManufactureName>
      <ManufactureCountry>לא ידוע</ManufactureCountry>
      <ManufactureItemDescription>כוס אימון לתינוק 340</ManufactureItemDescription>
      <UnitQty>לא ידוע</UnitQty>
      <Quantity>1.00</Quantity>
      <UnitOfMeasure>יח'</UnitOfMeasure>
      <bIsWeighted>0</bIsWeighted>
      <QtyInPackage>לא ידוע</QtyInPackage>
      <ItemPrice>18.10</ItemPrice>
      <UnitOfMeasurePrice>18.10</UnitOfMeasurePrice>
      <AllowDiscount>1</AllowDiscount>
      <ItemStatus/>
    </Item>
    <Item>
      <PriceUpdateTime>2025-01-01T16:36:00.000</PriceUpdateTime>
      <ItemCode>7296168330124</ItemCode>
      <LastSaleDateTime>2026-01-29T13:01:51.000</LastSaleDateTime>
      <ItemType>1</ItemType>
      <ItemName>מוצץ 6-12</ItemName>
      <ManufactureName>לא ידוע</ManufactureName>
      <ManufactureCountry>לא ידוע</ManufactureCountry>
      <ManufactureItemDescription>מוצץ 6-12</ManufactureItemDescription>
      <UnitQty>לא ידוע</UnitQty>
      <Quantity>1.00</Quantity>
      <UnitOfMeasure>יח'</UnitOfMeasure>
      <bIsWeighted>0</bIsWeighted>
      <QtyInPackage>לא ידוע</QtyInPackage>
      <ItemPrice>19.10</ItemPrice>
      <UnitOfMeasurePrice>19.10</UnitOfMeasurePrice>
      <AllowDiscount>1</AllowDiscount>
      <ItemStatus/>
    </Item>
    <Item>
      <PriceUpdateTime>2025-01-01T16:36:19.000</PriceUpdateTime>
      <ItemCode>8718951452541</ItemCode>
      <LastSaleDateTime>2026-01-22T12:58:23.000</LastSaleDateTime>
      <ItemType>1</ItemType>
      <ItemName>פלמוליב סבון ידיים ר</ItemName>
      <ManufactureName>לא ידוע</ManufactureName>
      <ManufactureCountry>לא ידוע</ManufactureCountry>
      <ManufactureItemDescription>פלמוליב סבון ידיים ר</ManufactureItemDescription>
      <UnitQty>לא ידוע</UnitQty>
      <Quantity>700.00</Quantity>
      <UnitOfMeasure>100 מ"ל</UnitOfMeasure>
      <bIsWeighted>0</bIsWeighted>
      <QtyInPackage>לא ידוע</QtyInPackage>
      <ItemPrice>19.10</ItemPrice>
      <UnitOfMeasurePrice>0.03</UnitOfMeasurePrice>
      <AllowDiscount>1</AllowDiscount>
      <ItemStatus/>
    </Item>
    <Item>
      <PriceUpdateTime>2025-01-01T16:36:22.000</PriceUpdateTime>
      <ItemCode>8804880400095</ItemCode>
      <LastSaleDateTime>2026-01-28T16:16:03.000</LastSaleDateTime>
      <ItemType>1</ItemType>
      <ItemName>גומיות מקרופיבר חזק</ItemName>
      <ManufactureName>לא ידוע</ManufactureName>
      <ManufactureCountry>לא ידוע</ManufactureCountry>
      <ManufactureItemDescription>גומיות מקרופיבר חזק</ManufactureItemDescription>
      <UnitQty>לא ידוע</UnitQty>
      <Quantity>1.00</Quantity>
      <UnitOfMeasure>יח'</UnitOfMeasure>
      <bIsWeighted>0</bIsWeighted>
      <QtyInPackage>לא ידוע</QtyInPackage>
      <ItemPrice>8.40</ItemPrice>
      <UnitOfMeasurePrice>8.40</UnitOfMeasurePrice>
      <AllowDiscount>1</AllowDiscount>
      <ItemStatus/>
    </Item>
    <Item>
      <PriceUpdateTime>2025-01-01T16:36:23.000</PriceUpdateTime>
      <ItemCode>9001616202377</ItemCode>
      <LastSaleDateTime>2026-01-22T10:11:58.000</LastSaleDateTime>
      <ItemType>1</ItemType>
      <ItemName>מאם מוצץ מיני אולטי</ItemName>
      <ManufactureName>מאם</ManufactureName>
      <ManufactureCountry>לא ידוע</ManufactureCountry>
      <ManufactureItemDescription>מאם מוצץ מיני אולטי</ManufactureItemDescription>
      <UnitQty>לא ידוע</UnitQty>
      <Quantity>1.00</Quantity>
      <UnitOfMeasure>יח'</UnitOfMeasure>
      <bIsWeighted>0</bIsWeighted>
      <QtyInPackage>לא ידוע</QtyInPackage>
      <ItemPrice>39.30</ItemPrice>
      <UnitOfMeasurePrice>39.30</UnitOfMeasurePrice>
      <AllowDiscount>1</AllowDiscount>
      <ItemStatus/>
    </Item>
    <Item>
      <PriceUpdateTime>2025-01-01T16:36:24.000</PriceUpdateTime>
      <ItemCode>9001616205781</ItemCode>
      <LastSaleDateTime>2026-01-29T21:21:57.000</LastSaleDateTime>
      <ItemType>1</ItemType>
      <ItemName>זוג מוצצי ננו סיליקו</ItemName>
      <ManufactureName>מאם</ManufactureName>
      <ManufactureCountry>לא ידוע</ManufactureCountry>
      <ManufactureItemDescription>זוג מוצצי ננו סיליקו</ManufactureItemDescription>
      <UnitQty>לא ידוע</UnitQty>
      <Quantity>1.00</Quantity>
      <UnitOfMeasure>יח'</UnitOfMeasure>
      <bIsWeighted>0</bIsWeighted>
      <QtyInPackage>לא ידוע</QtyInPackage>
      <ItemPrice>39.30</ItemPrice>
      <UnitOfMeasurePrice>39.30</UnitOfMeasurePrice>
      <AllowDiscount>1</AllowDiscount>
      <ItemStatus/>
    </Item>
    <Item>
      <PriceUpdateTime>2025-01-01T16:36:24.000</PriceUpdateTime>
      <ItemCode>9001616702693</ItemCode>
      <LastSaleDateTime>2026-01-28T21:36:53.000</LastSaleDateTime>
      <ItemType>1</ItemType>
      <ItemName>זוג מוצצים סיליקון ב</ItemName>
      <ManufactureName>לא ידוע</ManufactureName>
      <ManufactureCountry>לא ידוע</ManufactureCountry>
      <ManufactureItemDescription>זוג מוצצים סיליקון ב</ManufactureItemDescription>
      <UnitQty>לא ידוע</UnitQty>
      <Quantity>1.00</Quantity>
      <UnitOfMeasure>יח'</UnitOfMeasure>
      <bIsWeighted>0</bIsWeighted>
      <QtyInPackage>לא ידוע</QtyInPackage>
      <ItemPrice>39.30</ItemPrice>
      <UnitOfMeasurePrice>39.30</UnitOfMeasurePrice>
      <AllowDiscount>1</AllowDiscount>
      <ItemStatus/>
    </Item>
    <Item>
      <PriceUpdateTime>2025-01-01T16:36:24.000</PriceUpdateTime>
      <ItemCode>9001616702761</ItemCode>
      <LastSaleDateTime>2026-01-29T21:21:57.000</LastSaleDateTime>
      <ItemType>1</ItemType>
      <ItemName>זוג מוצצים סיליקון פ</ItemName>
      <ManufactureName>לא ידוע</ManufactureName>
      <ManufactureCountry>לא ידוע</ManufactureCountry>
      <ManufactureItemDescription>זוג מוצצים סיליקון פ</ManufactureItemDescription>
      <UnitQty>לא ידוע</UnitQty>
      <Quantity>1.00</Quantity>
      <UnitOfMeasure>יח'</UnitOfMeasure>
      <bIsWeighted>0</bIsWeighted>
      <QtyInPackage>לא ידוע</QtyInPackage>
      <ItemPrice>39.30</ItemPrice>
      <UnitOfMeasurePrice>39.30</UnitOfMeasurePrice>
      <AllowDiscount>1</AllowDiscount>
      <ItemStatus/>
    </Item>
    <Item>
      <PriceUpdateTime>2025-01-01T16:39:46.000</PriceUpdateTime>
      <ItemCode>7290116934457</ItemCode>
      <LastSaleDateTime>2026-01-28T19:43:21.000</LastSaleDateTime>
      <ItemType>1</ItemType>
      <ItemName>יופלה און טופ שברי ע</ItemName>
      <ManufactureName>לא ידוע</ManufactureName>
      <ManufactureCountry>לא ידוע</ManufactureCountry>
      <ManufactureItemDescription>יופלה און טופ שברי ע</ManufactureItemDescription>
      <UnitQty>גרם</UnitQty>
      <Quantity>157.00</Quantity>
      <UnitOfMeasure>100 גרם</UnitOfMeasure>
      <bIsWeighted>0</bIsWeighted>
      <QtyInPackage>לא ידוע</QtyInPackage>
      <ItemPrice>5.00</ItemPrice>
      <UnitOfMeasurePrice>3.18</UnitOfMeasurePrice>
      <AllowDiscount>1</AllowDiscount>
      <ItemStatus/>
    </Item>
    <Item>
      <PriceUpdateTime>2025-01-01T16:40:18.000</PriceUpdateTime>
      <ItemCode>7290109580623</ItemCode>
      <LastSaleDateTime>2026-01-29T14:29:29.000</LastSaleDateTime>
      <ItemType>1</ItemType>
      <ItemName>נודלס צ'יקן סצ'ואן 3</ItemName>
      <ManufactureName>לא ידוע</ManufactureName>
      <ManufactureCountry>לא ידוע</ManufactureCountry>
      <ManufactureItemDescription>נודלס צ'יקן סצ'ואן 3</ManufactureItemDescription>
      <UnitQty>גרם</UnitQty>
      <Quantity>350.00</Quantity>
      <UnitOfMeasure>100 גרם</UnitOfMeasure>
      <bIsWeighted>0</bIsWeighted>
      <QtyInPackage>לא ידוע</QtyInPackage>
      <ItemPrice>32.30</ItemPrice>
      <UnitOfMeasurePrice>9.23</UnitOfMeasurePrice>
      <AllowDiscount>1</AllowDiscount>
      <ItemStatus/>
    </Item>
    <Item>
      <PriceUpdateTime>2025-01-01T16:41:38.000</PriceUpdateTime>
      <ItemCode>5013967012462</ItemCode>
      <LastSaleDateTime>2015-01-01T00:00:00.000</LastSaleDateTime>
      <ItemType>1</ItemType>
      <ItemName>וויסקי אייל אוף ג'ור</ItemName>
      <ManufactureName>לא ידוע</ManufactureName>
      <ManufactureCountry>לא ידוע</ManufactureCountry>
      <ManufactureItemDescription>וויסקי אייל אוף ג'ור</ManufactureItemDescription>
      <UnitQty>לא ידוע</UnitQty>
      <Quantity>700.00</Quantity>
      <UnitOfMeasure>100 מ"ל</UnitOfMeasure>
      <bIsWeighted>0</bIsWeighted>
      <QtyInPackage>לא ידוע</QtyInPackage>
      <ItemPrice>161.60</ItemPrice>
      <UnitOfMeasurePrice>0.23</UnitOfMeasurePrice>
      <AllowDiscount>1</AllowDiscount>
      <ItemStatus>2</ItemStatus>
    </Item>
    <Item>
      <PriceUpdateTime>2025-01-01T16:41:38.000</PriceUpdateTime>
      <ItemCode>5013967012462</ItemCode>
      <LastSaleDateTime>2015-01-01T00:00:00.000</LastSaleDateTime>
      <ItemType>1</ItemType>
      <ItemName>וויסקי אייל אוף ג'ור</ItemName>
      <ManufactureName>לא ידוע</ManufactureName>
      <ManufactureCountry>לא ידוע</ManufactureCountry>
      <ManufactureItemDescription>וויסקי אייל אוף ג'ור</ManufactureItemDescription>
      <UnitQty>לא ידוע</UnitQty>
      <Quantity>700.00</Quantity>
      <UnitOfMeasure>100 מ"ל</UnitOfMeasure>
      <bIsWeighted>0</bIsWeighted>
      <QtyInPackage>לא ידוע</QtyInPackage>
      <ItemPrice>161.60</ItemPrice>
      <UnitOfMeasurePrice>0.23</UnitOfMeasurePrice>
      <AllowDiscount>1</AllowDiscount>
      <ItemStatus/>
    </Item>
    <Item>
      <PriceUpdateTime>2025-01-01T16:41:57.000</PriceUpdateTime>
      <ItemCode>8033275522368</ItemCode>
      <LastSaleDateTime>2015-01-01T00:00:00.000</LastSaleDateTime>
      <ItemType>1</ItemType>
      <ItemName>יין קיאנטי 750 מ"ל</ItemName>
      <ManufactureName>לא ידוע</ManufactureName>
      <ManufactureCountry>לא ידוע</ManufactureCountry>
      <ManufactureItemDescription>יין קיאנטי 750 מ"ל</ManufactureItemDescription>
      <UnitQty>לא ידוע</UnitQty>
      <Quantity>1.00</Quantity>
      <UnitOfMeasure>יח'</UnitOfMeasure>
      <bIsWeighted>0</bIsWeighted>
      <QtyInPackage>לא ידוע</QtyInPackage>
      <ItemPrice>55.50</ItemPrice>
      <UnitOfMeasurePrice>55.50</UnitOfMeasurePrice>
      <AllowDiscount>1</AllowDiscount>
      <ItemStatus>2</ItemStatus>
    </Item>
    <Item>
      <PriceUpdateTime>2025-01-01T16:41:57.000</PriceUpdateTime>
      <ItemCode>8033275522368</ItemCode>
      <LastSaleDateTime>2015-01-01T00:00:00.000</LastSaleDateTime>
      <ItemType>1</ItemType>
      <ItemName>יין קיאנטי 750 מ"ל</ItemName>
      <ManufactureName>לא ידוע</ManufactureName>
      <ManufactureCountry>לא ידוע</ManufactureCountry>
      <ManufactureItemDescription>יין קיאנטי 750 מ"ל</ManufactureItemDescription>
      <UnitQty>לא ידוע</UnitQty>
      <Quantity>1.00</Quantity>
      <UnitOfMeasure>יח'</UnitOfMeasure>
      <bIsWeighted>0</bIsWeighted>
      <QtyInPackage>לא ידוע</QtyInPackage>
      <ItemPrice>55.50</ItemPrice>
      <UnitOfMeasurePrice>55.50</UnitOfMeasurePrice>
      <AllowDiscount>1</AllowDiscount>
      <ItemStatus/>
    </Item>
    <Item>
      <PriceUpdateTime>2025-01-02T08:48:54.000</PriceUpdateTime>
      <ItemCode>7290111095566</ItemCode>
      <LastSaleDateTime>2026-01-22T16:13:32.000</LastSaleDateTime>
      <ItemType>1</ItemType>
      <ItemName>חיתולי בייבי סופרים</ItemName>
      <ManufactureName>לא ידוע</ManufactureName>
      <ManufactureCountry>לא ידוע</ManufactureCountry>
      <ManufactureItemDescription>חיתולי בייבי סופרים</ManufactureItemDescription>
      <UnitQty>לא ידוע</UnitQty>
      <Quantity>1.00</Quantity>
      <UnitOfMeasure>יח'</UnitOfMeasure>
      <bIsWeighted>0</bIsWeighted>
      <QtyInPackage>לא ידוע</QtyInPackage>
      <ItemPrice>29.20</ItemPrice>
      <UnitOfMeasurePrice>29.20</UnitOfMeasurePrice>
      <AllowDiscount>1</AllowDiscount>
      <ItemStatus/>
    </Item>
    <Item>
      <PriceUpdateTime>2025-01-02T14:41:37.000</PriceUpdateTime>
      <ItemCode>7290010002412</ItemCode>
      <LastSaleDateTime>2026-01-23T18:25:40.000</LastSaleDateTime>
      <ItemType>1</ItemType>
      <ItemName>פפריקה מרוקאית מתוקה</ItemName>
      <ManufactureName>לא ידוע</ManufactureName>
      <ManufactureCountry>לא ידוע</ManufactureCountry>
      <ManufactureItemDescription>פפריקה מרוקאית מתוקה</ManufactureItemDescription>
      <UnitQty>גרם</UnitQty>
      <Quantity>100.00</Quantity>
      <UnitOfMeasure>100 גרם</UnitOfMeasure>
      <bIsWeighted>0</bIsWeighted>
      <QtyInPackage>לא ידוע</QtyInPackage>
      <ItemPrice>9.00</ItemPrice>
      <UnitOfMeasurePrice>9.00</UnitOfMeasurePrice>
      <AllowDiscount>1</AllowDiscount>
      <ItemStatus/>
    </Item>
    <Item>
      <PriceUpdateTime>2025-01-06T15:43:09.000</PriceUpdateTime>
      <ItemCode>598365568018</ItemCode>
      <LastSaleDateTime>2026-01-28T12:16:26.000</LastSaleDateTime>
      <ItemType>1</ItemType>
      <ItemName>נר 3 צבעים 12.5 סמ /</ItemName>
      <ManufactureName>לא ידוע</ManufactureName>
      <ManufactureCountry>לא ידוע</ManufactureCountry>
      <ManufactureItemDescription>נר 3 צבעים 12.5 סמ /</ManufactureItemDescription>
      <UnitQty>לא ידוע</UnitQty>
      <Quantity>1.00</Quantity>
      <UnitOfMeasure>יח'</UnitOfMeasure>
      <bIsWeighted>0</bIsWeighted>
      <QtyInPackage>לא ידוע</QtyInPackage>
      <ItemPrice>9.90</ItemPrice>
      <UnitOfMeasurePrice>9.90</UnitOfMeasurePrice>
      <AllowDiscount>1</AllowDiscount>
      <ItemStatus/>
    </Item>
    <Item>
      <PriceUpdateTime>2025-01-06T15:43:10.000</PriceUpdateTime>
      <ItemCode>598404566463</ItemCode>
      <LastSaleDateTime>2026-01-29T15:03:46.000</LastSaleDateTime>
      <ItemType>1</ItemType>
      <ItemName>נר ספרה 6 כרום כסף /</ItemName>
      <ManufactureName>לא ידוע</ManufactureName>
      <ManufactureCountry>לא ידוע</ManufactureCountry>
      <ManufactureItemDescription>נר ספרה 6 כרום כסף /</ManufactureItemDescription>
      <UnitQty>לא ידוע</UnitQty>
      <Quantity>1.00</Quantity>
      <UnitOfMeasure>יח'</UnitOfMeasure>
      <bIsWeighted>0</bIsWeighted>
      <QtyInPackage>לא ידוע</QtyInPackage>
      <ItemPrice>5.90</ItemPrice>
      <UnitOfMeasurePrice>5.90</UnitOfMeasurePrice>
      <AllowDiscount>1</AllowDiscount>
      <ItemStatus/>
    </Item>
    <Item>
      <PriceUpdateTime>2025-01-06T15:43:10.000</PriceUpdateTime>
      <ItemCode>598404566470</ItemCode>
      <LastSaleDateTime>2026-01-29T18:56:03.000</LastSaleDateTime>
      <ItemType>1</ItemType>
      <ItemName>נר ספרה 7 כרום כסף /</ItemName>
      <ManufactureName>לא ידוע</ManufactureName>
      <ManufactureCountry>לא ידוע</ManufactureCountry>
      <ManufactureItemDescription>נר ספרה 7 כרום כסף /</ManufactureItemDescription>
      <UnitQty>לא ידוע</UnitQty>
      <Quantity>1.00</Quantity>
      <UnitOfMeasure>יח'</UnitOfMeasure>
      <bIsWeighted>0</bIsWeighted>
      <QtyInPackage>לא ידוע</QtyInPackage>
      <ItemPrice>5.90</ItemPrice>
      <UnitOfMeasurePrice>5.90</UnitOfMeasurePrice>
      <AllowDiscount>1</AllowDiscount>
      <ItemStatus/>
    </Item>
    <Item>
      <PriceUpdateTime>2025-01-06T15:43:10.000</PriceUpdateTime>
      <ItemCode>598404566487</ItemCode>
      <LastSaleDateTime>2026-01-29T14:43:20.000</LastSaleDateTime>
      <ItemType>1</ItemType>
      <ItemName>נר ספרה 8 כרום כסף /</ItemName>
      <ManufactureName>לא ידוע</ManufactureName>
      <ManufactureCountry>לא ידוע</ManufactureCountry>
      <ManufactureItemDescription>נר ספרה 8 כרום כסף /</ManufactureItemDescription>
      <UnitQty>לא ידוע</UnitQty>
      <Quantity>1.00</Quantity>
      <UnitOfMeasure>יח'</UnitOfMeasure>
      <bIsWeighted>0</bIsWeighted>
      <QtyInPackage>לא ידוע</QtyInPackage>
      <ItemPrice>5.90</ItemPrice>
      <UnitOfMeasurePrice>5.90</UnitOfMeasurePrice>
      <AllowDiscount>1</AllowDiscount>
      <ItemStatus/>
    </Item>
    <Item>
      <PriceUpdateTime>2025-01-06T15:43:10.000</PriceUpdateTime>
      <ItemCode>598404566579</ItemCode>
      <LastSaleDateTime>2026-01-29T19:51:42.000</LastSaleDateTime>
      <ItemType>1</ItemType>
      <ItemName>נר ספרה 7 כרום זהב /</ItemName>
      <ManufactureName>לא ידוע</ManufactureName>
      <ManufactureCountry>לא ידוע</ManufactureCountry>
      <ManufactureItemDescription>נר ספרה 7 כרום זהב /</ManufactureItemDescription>
      <UnitQty>לא ידוע</UnitQty>
      <Quantity>1.00</Quantity>
      <UnitOfMeasure>יח'</UnitOfMeasure>
      <bIsWeighted>0</bIsWeighted>
      <QtyInPackage>לא ידוע</QtyInPackage>
      <ItemPrice>5.90</ItemPrice>
      <UnitOfMeasurePrice>5.90</UnitOfMeasurePrice>
      <AllowDiscount>1</AllowDiscount>
      <ItemStatus/>
    </Item>
    <Item>
      <PriceUpdateTime>2025-01-06T15:43:16.000</PriceUpdateTime>
      <ItemCode>7290017595023</ItemCode>
      <LastSaleDateTime>2026-01-22T16:59:22.000</LastSaleDateTime>
      <ItemType>1</ItemType>
      <ItemName>כוסיות לנרונים רמי ל</ItemName>
      <ManufactureName>לא ידוע</ManufactureName>
      <ManufactureCountry>לא ידוע</ManufactureCountry>
      <ManufactureItemDescription>כוסיות לנרונים רמי ל</ManufactureItemDescription>
      <UnitQty>לא ידוע</UnitQty>
      <Quantity>1.00</Quantity>
      <UnitOfMeasure>יח'</UnitOfMeasure>
      <bIsWeighted>0</bIsWeighted>
      <QtyInPackage>לא ידוע</QtyInPackage>
      <ItemPrice>2.90</ItemPrice>
      <UnitOfMeasurePrice>2.90</UnitOfMeasurePrice>
      <AllowDiscount>1</AllowDiscount>
      <ItemStatus/>
    </Item>
    <Item>
      <PriceUpdateTime>2025-01-06T15:43:22.000</PriceUpdateTime>
      <ItemCode>7290113474925</ItemCode>
      <LastSaleDateTime>2026-01-29T22:12:41.000</LastSaleDateTime>
      <ItemType>1</ItemType>
      <ItemName>גופיות פלנל לבן SIZE</ItemName>
      <ManufactureName>לא ידוע</ManufactureName>
      <ManufactureCountry>לא ידוע</ManufactureCountry>
      <ManufactureItemDescription>גופיות פלנל לבן SIZE</ManufactureItemDescription>
      <UnitQty>לא ידוע</UnitQty>
      <Quantity>1.00</Quantity>
      <UnitOfMeasure>יח'</UnitOfMeasure>
      <bIsWeighted>0</bIsWeighted>
      <QtyInPackage>לא ידוע</QtyInPackage>
      <ItemPrice>24.90</ItemPrice>
      <UnitOfMeasurePrice>24.90</UnitOfMeasurePrice>
      <AllowDiscount>1</AllowDiscount>
      <ItemStatus/>
    </Item>
    <Item>
      <PriceUpdateTime>2025-01-06T15:43:23.000</PriceUpdateTime>
      <ItemCode>7290113474970</ItemCode>
      <LastSaleDateTime>2026-01-29T22:12:41.000</LastSaleDateTime>
      <ItemType>1</ItemType>
      <ItemName>גופיות פלנל שחור SIZ</ItemName>
      <ManufactureName>לא ידוע</ManufactureName>
      <ManufactureCountry>לא ידוע</ManufactureCountry>
      <ManufactureItemDescription>גופיות פלנל שחור SIZ</ManufactureItemDescription>
      <UnitQty>לא ידוע</UnitQty>
      <Quantity>1.00</Quantity>
      <UnitOfMeasure>יח'</UnitOfMeasure>
      <bIsWeighted>0</bIsWeighted>
      <QtyInPackage>לא ידוע</QtyInPackage>
      <ItemPrice>24.90</ItemPrice>
      <UnitOfMeasurePrice>24.90</UnitOfMeasurePrice>
      <AllowDiscount>1</AllowDiscount>
      <ItemStatus/>
    </Item>
    <Item>
      <PriceUpdateTime>2025-01-06T15:43:23.000</PriceUpdateTime>
      <ItemCode>7290113474994</ItemCode>
      <LastSaleDateTime>2026-01-22T10:28:51.000</LastSaleDateTime>
      <ItemType>1</ItemType>
      <ItemName>גופיות פלנל שחור SIZ</ItemName>
      <ManufactureName>לא ידוע</ManufactureName>
      <ManufactureCountry>לא ידוע</ManufactureCountry>
      <ManufactureItemDescription>גופיות פלנל שחור SIZ</ManufactureItemDescription>
      <UnitQty>לא ידוע</UnitQty>
      <Quantity>1.00</Quantity>
      <UnitOfMeasure>יח'</UnitOfMeasure>
      <bIsWeighted>0</bIsWeighted>
      <QtyInPackage>לא ידוע</QtyInPackage>
      <ItemPrice>24.90</ItemPrice>
      <UnitOfMeasurePrice>24.90</UnitOfMeasurePrice>
      <AllowDiscount>1</AllowDiscount>
      <ItemStatus/>
    </Item>
    <Item>
      <PriceUpdateTime>2025-01-06T15:43:23.000</PriceUpdateTime>
      <ItemCode>7290113475007</ItemCode>
      <LastSaleDateTime>2026-01-29T15:21:37.000</LastSaleDateTime>
      <ItemType>1</ItemType>
      <ItemName>גופיית פלנל שחור</ItemName>
      <ManufactureName>לא ידוע</ManufactureName>
      <ManufactureCountry>לא ידוע</ManufactureCountry>
      <ManufactureItemDescription>גופיית פלנל שחור</ManufactureItemDescription>
      <UnitQty>לא ידוע</UnitQty>
      <Quantity>1.00</Quantity>
      <UnitOfMeasure>יח'</UnitOfMeasure>
      <bIsWeighted>0</bIsWeighted>
      <QtyInPackage>לא ידוע</QtyInPackage>
      <ItemPrice>24.90</ItemPrice>
      <UnitOfMeasurePrice>24.90</UnitOfMeasurePrice>
      <AllowDiscount>1</AllowDiscount>
      <ItemStatus/>
    </Item>
    <Item>
      <PriceUpdateTime>2025-01-06T15:43:23.000</PriceUpdateTime>
      <ItemCode>7290113475090</ItemCode>
      <LastSaleDateTime>2026-01-28T21:15:07.000</LastSaleDateTime>
      <ItemType>1</ItemType>
      <ItemName>גופיות טרמי שחור SIZ</ItemName>
      <ManufactureName>לא ידוע</ManufactureName>
      <ManufactureCountry>לא ידוע</ManufactureCountry>
      <ManufactureItemDescription>גופיות טרמי שחור SIZ</ManufactureItemDescription>
      <UnitQty>לא ידוע</UnitQty>
      <Quantity>1.00</Quantity>
      <UnitOfMeasure>יח'</UnitOfMeasure>
      <bIsWeighted>0</bIsWeighted>
      <QtyInPackage>לא ידוע</QtyInPackage>
      <ItemPrice>24.90</ItemPrice>
      <UnitOfMeasurePrice>24.90</UnitOfMeasurePrice>
      <AllowDiscount>1</AllowDiscount>
      <ItemStatus/>
    </Item>
    <Item>
      <PriceUpdateTime>2025-01-06T15:43:27.000</PriceUpdateTime>
      <ItemCode>7290113479319</ItemCode>
      <LastSaleDateTime>2026-01-28T14:27:23.000</LastSaleDateTime>
      <ItemType>1</ItemType>
      <ItemName>מגבת גוף איכותית (14</ItemName>
      <ManufactureName>לא ידוע</ManufactureName>
      <ManufactureCountry>לא ידוע</ManufactureCountry>
      <ManufactureItemDescription>מגבת גוף איכותית (14</ManufactureItemDescription>
      <UnitQty>לא ידוע</UnitQty>
      <Quantity>1.00</Quantity>
      <UnitOfMeasure>יח'</UnitOfMeasure>
      <bIsWeighted>0</bIsWeighted>
      <QtyInPackage>לא ידוע</QtyInPackage>
      <ItemPrice>45.90</ItemPrice>
      <UnitOfMeasurePrice>45.90</UnitOfMeasurePrice>
      <AllowDiscount>1</AllowDiscount>
      <ItemStatus/>
    </Item>
    <Item>
      <PriceUpdateTime>2025-01-06T15:43:28.000</PriceUpdateTime>
      <ItemCode>7290113479401</ItemCode>
      <LastSaleDateTime>2026-01-22T20:51:50.000</LastSaleDateTime>
      <ItemType>1</ItemType>
      <ItemName>מגבת פנים איכותית (9</ItemName>
      <ManufactureName>לא ידוע</ManufactureName>
      <ManufactureCountry>לא ידוע</ManufactureCountry>
      <ManufactureItemDescription>מגבת פנים איכותית (9</ManufactureItemDescription>
      <UnitQty>לא ידוע</UnitQty>
      <Quantity>1.00</Quantity>
      <UnitOfMeasure>יח'</UnitOfMeasure>
      <bIsWeighted>0</bIsWeighted>
      <QtyInPackage>לא ידוע</QtyInPackage>
      <ItemPrice>20.90</ItemPrice>
      <UnitOfMeasurePrice>20.90</UnitOfMeasurePrice>
      <AllowDiscount>1</AllowDiscount>
      <ItemStatus/>
    </Item>
    <Item>
      <PriceUpdateTime>2025-01-06T15:43:37.000</PriceUpdateTime>
      <ItemCode>7290116512969</ItemCode>
      <LastSaleDateTime>2026-01-28T19:44:28.000</LastSaleDateTime>
      <ItemType>1</ItemType>
      <ItemName>גופיה טרמי לבן גבר ל</ItemName>
      <ManufactureName>לא ידוע</ManufactureName>
      <ManufactureCountry>לא ידוע</ManufactureCountry>
      <ManufactureItemDescription>גופיה טרמי לבן גבר ל</ManufactureItemDescription>
      <UnitQty>לא ידוע</UnitQty>
      <Quantity>1.00</Quantity>
      <UnitOfMeasure>יח'</UnitOfMeasure>
      <bIsWeighted>0</bIsWeighted>
      <QtyInPackage>לא ידוע</QtyInPackage>
      <ItemPrice>24.90</ItemPrice>
      <UnitOfMeasurePrice>24.90</UnitOfMeasurePrice>
      <AllowDiscount>1</AllowDiscount>
      <ItemStatus/>
    </Item>
    <Item>
      <PriceUpdateTime>2025-01-06T15:43:41.000</PriceUpdateTime>
      <ItemCode>7290117012116</ItemCode>
      <LastSaleDateTime>2026-01-28T19:17:00.000</LastSaleDateTime>
      <ItemType>1</ItemType>
      <ItemName>נר הבדלה עששית בצעונ</ItemName>
      <ManufactureName>לא ידוע</ManufactureName>
      <ManufactureCountry>לא ידוע</ManufactureCountry>
      <ManufactureItemDescription>נר הבדלה עששית בצעונ</ManufactureItemDescription>
      <UnitQty>יחידות</UnitQty>
      <Quantity>0.00</Quantity>
      <UnitOfMeasure>יחידה   </UnitOfMeasure>
      <bIsWeighted>0</bIsWeighted>
      <QtyInPackage>לא ידוע</QtyInPackage>
      <ItemPrice>14.90</ItemPrice>
      <UnitOfMeasurePrice>0.00</UnitOfMeasurePrice>
      <AllowDiscount>1</AllowDiscount>
      <ItemStatus/>
    </Item>
    <Item>
      <PriceUpdateTime>2025-01-06T15:43:48.000</PriceUpdateTime>
      <ItemCode>7290118660026</ItemCode>
      <LastSaleDateTime>2026-01-22T19:56:24.000</LastSaleDateTime>
      <ItemType>1</ItemType>
      <ItemName>שלישייה בוקסר לגבר(</ItemName>
      <ManufactureName>לא ידוע</ManufactureName>
      <ManufactureCountry>לא ידוע</ManufactureCountry>
      <ManufactureItemDescription>שלישייה בוקסר לגבר(</ManufactureItemDescription>
      <UnitQty>לא ידוע</UnitQty>
      <Quantity>1.00</Quantity>
      <UnitOfMeasure>יח'</UnitOfMeasure>
      <bIsWeighted>0</bIsWeighted>
      <QtyInPackage>לא ידוע</QtyInPackage>
      <ItemPrice>59.90</ItemPrice>
      <UnitOfMeasurePrice>59.90</UnitOfMeasurePrice>
      <AllowDiscount>1</AllowDiscount>
      <ItemStatus/>
    </Item>
    <Item>
      <PriceUpdateTime>2025-01-06T15:43:48.000</PriceUpdateTime>
      <ItemCode>7290118660163</ItemCode>
      <LastSaleDateTime>2026-01-28T13:50:18.000</LastSaleDateTime>
      <ItemType>1</ItemType>
      <ItemName>זוג תחתון לגבר M) P.</ItemName>
      <ManufactureName>לא ידוע</ManufactureName>
      <ManufactureCountry>לא ידוע</ManufactureCountry>
      <ManufactureItemDescription>זוג תחתון לגבר M) P.</ManufactureItemDescription>
      <UnitQty>לא ידוע</UnitQty>
      <Quantity>1.00</Quantity>
      <UnitOfMeasure>יח'</UnitOfMeasure>
      <bIsWeighted>0</bIsWeighted>
      <QtyInPackage>לא ידוע</QtyInPackage>
      <ItemPrice>24.90</ItemPrice>
      <UnitOfMeasurePrice>24.90</UnitOfMeasurePrice>
      <AllowDiscount>1</AllowDiscount>
      <ItemStatus/>
    </Item>
    <Item>
      <PriceUpdateTime>2025-01-06T15:43:48.000</PriceUpdateTime>
      <ItemCode>7290118660262</ItemCode>
      <LastSaleDateTime>2026-01-28T17:06:43.000</LastSaleDateTime>
      <ItemType>1</ItemType>
      <ItemName>רביעייה תחתון נשים (</ItemName>
      <ManufactureName>לא ידוע</ManufactureName>
      <ManufactureCountry>לא ידוע</ManufactureCountry>
      <ManufactureItemDescription>רביעייה תחתון נשים (</ManufactureItemDescription>
      <UnitQty>לא ידוע</UnitQty>
      <Quantity>1.00</Quantity>
      <UnitOfMeasure>יח'</UnitOfMeasure>
      <bIsWeighted>0</bIsWeighted>
      <QtyInPackage>לא ידוע</QtyInPackage>
      <ItemPrice>39.90</ItemPrice>
      <UnitOfMeasurePrice>39.90</UnitOfMeasurePrice>
      <AllowDiscount>1</AllowDiscount>
      <ItemStatus/>
    </Item>
    <Item>
      <PriceUpdateTime>2025-01-06T15:43:50.000</PriceUpdateTime>
      <ItemCode>7290118660804</ItemCode>
      <LastSaleDateTime>2026-01-29T18:30:07.000</LastSaleDateTime>
      <ItemType>1</ItemType>
      <ItemName>גופייה גבר - ריב לבן</ItemName>
      <ManufactureName>לא ידוע</ManufactureName>
      <ManufactureCountry>לא ידוע</ManufactureCountry>
      <ManufactureItemDescription>גופייה גבר - ריב לבן</ManufactureItemDescription>
      <UnitQty>יחידות</UnitQty>
      <Quantity>0.00</Quantity>
      <UnitOfMeasure>יחידה   </UnitOfMeasure>
      <bIsWeighted>0</bIsWeighted>
      <QtyInPackage>לא ידוע</QtyInPackage>
      <ItemPrice>39.90</ItemPrice>
      <UnitOfMeasurePrice>0.00</UnitOfMeasurePrice>
      <AllowDiscount>1</AllowDiscount>
      <ItemStatus/>
    </Item>
    <Item>
      <PriceUpdateTime>2025-01-06T15:43:57.000</PriceUpdateTime>
      <ItemCode>7290118667735</ItemCode>
      <LastSaleDateTime>2026-01-28T18:05:37.000</LastSaleDateTime>
      <ItemType>1</ItemType>
      <ItemName>מגן כרית 70*50 ס"מ</ItemName>
      <ManufactureName>לא ידוע</ManufactureName>
      <ManufactureCountry>לא ידוע</ManufactureCountry>
      <ManufactureItemDescription>מגן כרית 70*50 ס"מ</ManufactureItemDescription>
      <UnitQty>לא ידוע</UnitQty>
      <Quantity>1.00</Quantity>
      <UnitOfMeasure>יח'</UnitOfMeasure>
      <bIsWeighted>0</bIsWeighted>
      <QtyInPackage>לא ידוע</QtyInPackage>
      <ItemPrice>19.90</ItemPrice>
      <UnitOfMeasurePrice>19.90</UnitOfMeasurePrice>
      <AllowDiscount>1</AllowDiscount>
      <ItemStatus/>
    </Item>
    <Item>
      <PriceUpdateTime>2025-01-06T15:44:05.000</PriceUpdateTime>
      <ItemCode>7290120123991</ItemCode>
      <LastSaleDateTime>2026-01-22T19:15:29.000</LastSaleDateTime>
      <ItemType>1</ItemType>
      <ItemName>רביעיית תחתוני בנות</ItemName>
      <ManufactureName>לא ידוע</ManufactureName>
      <ManufactureCountry>לא ידוע</ManufactureCountry>
      <ManufactureItemDescription>רביעיית תחתוני בנות</ManufactureItemDescription>
      <UnitQty>לא ידוע</UnitQty>
      <Quantity>1.00</Quantity>
      <UnitOfMeasure>יח'</UnitOfMeasure>
      <bIsWeighted>0</bIsWeighted>
      <QtyInPackage>לא ידוע</QtyInPackage>
      <ItemPrice>24.90</ItemPrice>
      <UnitOfMeasurePrice>24.90</UnitOfMeasurePrice>
      <AllowDiscount>1</AllowDiscount>
      <ItemStatus/>
    </Item>
    <Item>
      <PriceUpdateTime>2025-01-06T15:44:06.000</PriceUpdateTime>
      <ItemCode>7290120124295</ItemCode>
      <LastSaleDateTime>2026-01-28T20:14:47.000</LastSaleDateTime>
      <ItemType>1</ItemType>
      <ItemName>בלונים צבעונים (50 י</ItemName>
      <ManufactureName>לא ידוע</ManufactureName>
      <ManufactureCountry>לא ידוע</ManufactureCountry>
      <ManufactureItemDescription>בלונים צבעונים (50 י</ManufactureItemDescription>
      <UnitQty>יחידות</UnitQty>
      <Quantity>0.00</Quantity>
      <UnitOfMeasure>יחידה   </UnitOfMeasure>
      <bIsWeighted>0</bIsWeighted>
      <QtyInPackage>לא ידוע</QtyInPackage>
      <ItemPrice>9.90</ItemPrice>
      <UnitOfMeasurePrice>0.00</UnitOfMeasurePrice>
      <AllowDiscount>1</AllowDiscount>
      <ItemStatus/>
    </Item>
    <Item>
      <PriceUpdateTime>2025-01-06T15:44:06.000</PriceUpdateTime>
      <ItemCode>7290120126299</ItemCode>
      <LastSaleDateTime>2026-01-29T18:37:53.000</LastSaleDateTime>
      <ItemType>1</ItemType>
      <ItemName>כבל סנכרון וטעינה 2</ItemName>
      <ManufactureName>לא ידוע</ManufactureName>
      <ManufactureCountry>לא ידוע</ManufactureCountry>
      <ManufactureItemDescription>כבל סנכרון וטעינה 2</ManufactureItemDescription>
      <UnitQty>לא ידוע</UnitQty>
      <Quantity>1.00</Quantity>
      <UnitOfMeasure>יח'</UnitOfMeasure>
      <bIsWeighted>0</bIsWeighted>
      <QtyInPackage>לא ידוע</QtyInPackage>
      <ItemPrice>20.90</ItemPrice>
      <UnitOfMeasurePrice>20.90</UnitOfMeasurePrice>
      <AllowDiscount>1</AllowDiscount>
      <ItemStatus/>
    </Item>
    <Item>
      <PriceUpdateTime>2025-01-06T15:44:06.000</PriceUpdateTime>
      <ItemCode>7290120126329</ItemCode>
      <LastSaleDateTime>2026-01-29T18:26:58.000</LastSaleDateTime>
      <ItemType>1</ItemType>
      <ItemName>מטען קיר USB כפול עם</ItemName>
      <ManufactureName>לא ידוע</ManufactureName>
      <ManufactureCountry>לא ידוע</ManufactureCountry>
      <ManufactureItemDescription>מטען קיר USB כפול עם</ManufactureItemDescription>
      <UnitQty>לא ידוע</UnitQty>
      <Quantity>1.00</Quantity>
      <UnitOfMeasure>יח'</UnitOfMeasure>
      <bIsWeighted>0</bIsWeighted>
      <QtyInPackage>לא ידוע</QtyInPackage>
      <ItemPrice>29.90</ItemPrice>
      <UnitOfMeasurePrice>29.90</UnitOfMeasurePrice>
      <AllowDiscount>1</AllowDiscount>
      <ItemStatus/>
    </Item>
    <Item>
      <PriceUpdateTime>2025-01-06T15:44:06.000</PriceUpdateTime>
      <ItemCode>7290120126367</ItemCode>
      <LastSaleDateTime>2026-01-22T09:27:34.000</LastSaleDateTime>
      <ItemType>1</ItemType>
      <ItemName>מטען קיר USB עם כבל</ItemName>
      <ManufactureName>לא ידוע</ManufactureName>
      <ManufactureCountry>לא ידוע</ManufactureCountry>
      <ManufactureItemDescription>מטען קיר USB עם כבל</ManufactureItemDescription>
      <UnitQty>לא ידוע</UnitQty>
      <Quantity>1.00</Quantity>
      <UnitOfMeasure>יח'</UnitOfMeasure>
      <bIsWeighted>0</bIsWeighted>
      <QtyInPackage>לא ידוע</QtyInPackage>
      <ItemPrice>44.90</ItemPrice>
      <UnitOfMeasurePrice>44.90</UnitOfMeasurePrice>
      <AllowDiscount>1</AllowDiscount>
      <ItemStatus/>
    </Item>
    <Item>
      <PriceUpdateTime>2025-01-06T15:44:07.000</PriceUpdateTime>
      <ItemCode>7290120127647</ItemCode>
      <LastSaleDateTime>2026-01-22T13:52:03.000</LastSaleDateTime>
      <ItemType>1</ItemType>
      <ItemName>כבל סנכרון טעינה 1 מ</ItemName>
      <ManufactureName>לא ידוע</ManufactureName>
      <ManufactureCountry>לא ידוע</ManufactureCountry>
      <ManufactureItemDescription>כבל סנכרון טעינה 1 מ</ManufactureItemDescription>
      <UnitQty>לא ידוע</UnitQty>
      <Quantity>1.00</Quantity>
      <UnitOfMeasure>יח'</UnitOfMeasure>
      <bIsWeighted>0</bIsWeighted>
      <QtyInPackage>לא ידוע</QtyInPackage>
      <ItemPrice>20.90</ItemPrice>
      <UnitOfMeasurePrice>20.90</UnitOfMeasurePrice>
      <AllowDiscount>1</AllowDiscount>
      <ItemStatus/>
    </Item>
    <Item>
      <PriceUpdateTime>2025-01-12T13:18:06.000</PriceUpdateTime>
      <ItemCode>7290015821032</ItemCode>
      <LastSaleDateTime>2026-01-28T17:20:45.000</LastSaleDateTime>
      <ItemType>1</ItemType>
      <ItemName>מארז 5 חב' טישו דו-ש</ItemName>
      <ManufactureName>לא ידוע</ManufactureName>
      <ManufactureCountry>לא ידוע</ManufactureCountry>
      <ManufactureItemDescription>מארז 5 חב' טישו דו-ש</ManufactureItemDescription>
      <UnitQty>לא ידוע</UnitQty>
      <Quantity>1.00</Quantity>
      <UnitOfMeasure>יח'</UnitOfMeasure>
      <bIsWeighted>0</bIsWeighted>
      <QtyInPackage>לא ידוע</QtyInPackage>
      <ItemPrice>6.90</ItemPrice>
      <UnitOfMeasurePrice>6.90</UnitOfMeasurePrice>
      <AllowDiscount>1</AllowDiscount>
      <ItemStatus/>
    </Item>
    <Item>
      <PriceUpdateTime>2025-01-15T09:15:05.000</PriceUpdateTime>
      <ItemCode>7290010154555</ItemCode>
      <LastSaleDateTime>2026-01-22T22:47:24.000</LastSaleDateTime>
      <ItemType>1</ItemType>
      <ItemName>ממרח לימון כבוש 250</ItemName>
      <ManufactureName>תבליני ביטון יוחאי</ManufactureName>
      <ManufactureCountry>לא ידוע</ManufactureCountry>
      <ManufactureItemDescription>ממרח לימון כבוש 250</ManufactureItemDescription>
      <UnitQty>גרם</UnitQty>
      <Quantity>250.00</Quantity>
      <UnitOfMeasure>100 גרם</UnitOfMeasure>
      <bIsWeighted>0</bIsWeighted>
      <QtyInPackage>לא ידוע</QtyInPackage>
      <ItemPrice>15.70</ItemPrice>
      <UnitOfMeasurePrice>6.28</UnitOfMeasurePrice>
      <AllowDiscount>1</AllowDiscount>
      <ItemStatus/>
    </Item>
    <Item>
      <PriceUpdateTime>2025-01-15T14:12:59.000</PriceUpdateTime>
      <ItemCode>7290001710128</ItemCode>
      <LastSaleDateTime>2026-01-28T19:31:43.000</LastSaleDateTime>
      <ItemType>1</ItemType>
      <ItemName>נקניקיות צוריסוס ארו</ItemName>
      <ManufactureName>לא ידוע</ManufactureName>
      <ManufactureCountry>לא ידוע</ManufactureCountry>
      <ManufactureItemDescription>נקניקיות צוריסוס ארו</ManufactureItemDescription>
      <UnitQty>גרם</UnitQty>
      <Quantity>500.00</Quantity>
      <UnitOfMeasure>100 גרם</UnitOfMeasure>
      <bIsWeighted>0</bIsWeighted>
      <QtyInPackage>לא ידוע</QtyInPackage>
      <ItemPrice>29.90</ItemPrice>
      <UnitOfMeasurePrice>5.98</UnitOfMeasurePrice>
      <AllowDiscount>1</AllowDiscount>
      <ItemStatus/>
    </Item>
    <Item>
      <PriceUpdateTime>2025-01-16T12:11:22.000</PriceUpdateTime>
      <ItemCode>857532000271</ItemCode>
      <LastSaleDateTime>2015-01-01T00:00:00.000</LastSaleDateTime>
      <ItemType>1</ItemType>
      <ItemName>וודקה טראמפ 700 מ"ל</ItemName>
      <ManufactureName>לא ידוע</ManufactureName>
      <ManufactureCountry>לא ידוע</ManufactureCountry>
      <ManufactureItemDescription>וודקה טראמפ 700 מ"ל</ManufactureItemDescription>
      <UnitQty>לא ידוע</UnitQty>
      <Quantity>750.00</Quantity>
      <UnitOfMeasure>100 מ"ל</UnitOfMeasure>
      <bIsWeighted>0</bIsWeighted>
      <QtyInPackage>לא ידוע</QtyInPackage>
      <ItemPrice>79.90</ItemPrice>
      <UnitOfMeasurePrice>0.11</UnitOfMeasurePrice>
      <AllowDiscount>1</AllowDiscount>
      <ItemStatus>2</ItemStatus>
    </Item>
    <Item>
      <PriceUpdateTime>2025-01-16T12:11:22.000</PriceUpdateTime>
      <ItemCode>857532000271</ItemCode>
      <LastSaleDateTime>2015-01-01T00:00:00.000</LastSaleDateTime>
      <ItemType>1</ItemType>
      <ItemName>וודקה טראמפ 700 מ"ל</ItemName>
      <ManufactureName>לא ידוע</ManufactureName>
      <ManufactureCountry>לא ידוע</ManufactureCountry>
      <ManufactureItemDescription>וודקה טראמפ 700 מ"ל</ManufactureItemDescription>
      <UnitQty>לא ידוע</UnitQty>
      <Quantity>750.00</Quantity>
      <UnitOfMeasure>100 מ"ל</UnitOfMeasure>
      <bIsWeighted>0</bIsWeighted>
      <QtyInPackage>לא ידוע</QtyInPackage>
      <ItemPrice>79.90</ItemPrice>
      <UnitOfMeasurePrice>0.11</UnitOfMeasurePrice>
      <AllowDiscount>1</AllowDiscount>
      <ItemStatus/>
    </Item>
    <Item>
      <PriceUpdateTime>2025-01-16T12:12:07.000</PriceUpdateTime>
      <ItemCode>7290018566251</ItemCode>
      <LastSaleDateTime>2026-01-29T15:46:18.000</LastSaleDateTime>
      <ItemType>1</ItemType>
      <ItemName>גרעיני *דלעת קלוי 15</ItemName>
      <ManufactureName>לא ידוע</ManufactureName>
      <ManufactureCountry>לא ידוע</ManufactureCountry>
      <ManufactureItemDescription>גרעיני *דלעת קלוי 15</ManufactureItemDescription>
      <UnitQty>גרם</UnitQty>
      <Quantity>150.00</Quantity>
      <UnitOfMeasure>100 גרם</UnitOfMeasure>
      <bIsWeighted>0</bIsWeighted>
      <QtyInPackage>לא ידוע</QtyInPackage>
      <ItemPrice>7.90</ItemPrice>
      <UnitOfMeasurePrice>5.27</UnitOfMeasurePrice>
      <AllowDiscount>1</AllowDiscount>
      <ItemStatus/>
    </Item>
    <Item>
      <PriceUpdateTime>2025-01-20T08:50:39.000</PriceUpdateTime>
      <ItemCode>7290118665823</ItemCode>
      <LastSaleDateTime>2026-01-28T16:04:03.000</LastSaleDateTime>
      <ItemType>1</ItemType>
      <ItemName>קופסה אקריליק לאחסון</ItemName>
      <ManufactureName>לא ידוע</ManufactureName>
      <ManufactureCountry>לא ידוע</ManufactureCountry>
      <ManufactureItemDescription>קופסה אקריליק לאחסון</ManufactureItemDescription>
      <UnitQty>לא ידוע</UnitQty>
      <Quantity>1.00</Quantity>
      <UnitOfMeasure>יח'</UnitOfMeasure>
      <bIsWeighted>0</bIsWeighted>
      <QtyInPackage>לא ידוע</QtyInPackage>
      <ItemPrice>30.90</ItemPrice>
      <UnitOfMeasurePrice>30.90</UnitOfMeasurePrice>
      <AllowDiscount>1</AllowDiscount>
      <ItemStatus/>
    </Item>
    <Item>
      <PriceUpdateTime>2025-01-20T08:50:40.000</PriceUpdateTime>
      <ItemCode>7777555514278</ItemCode>
      <LastSaleDateTime>2026-01-22T19:25:26.000</LastSaleDateTime>
      <ItemType>1</ItemType>
      <ItemName>בקבוק מעוצב לליקר</ItemName>
      <ManufactureName>לא ידוע</ManufactureName>
      <ManufactureCountry>לא ידוע</ManufactureCountry>
      <ManufactureItemDescription>בקבוק מעוצב לליקר</ManufactureItemDescription>
      <UnitQty>לא ידוע</UnitQty>
      <Quantity>1.00</Quantity>
      <UnitOfMeasure>יח'</UnitOfMeasure>
      <bIsWeighted>0</bIsWeighted>
      <QtyInPackage>לא ידוע</QtyInPackage>
      <ItemPrice>9.90</ItemPrice>
      <UnitOfMeasurePrice>9.90</UnitOfMeasurePrice>
      <AllowDiscount>1</AllowDiscount>
      <ItemStatus/>
    </Item>
    <Item>
      <PriceUpdateTime>2025-01-20T08:50:40.000</PriceUpdateTime>
      <ItemCode>7290120123267</ItemCode>
      <LastSaleDateTime>2026-01-29T17:51:42.000</LastSaleDateTime>
      <ItemType>1</ItemType>
      <ItemName>סוטאז' 28 ס"מ 4.5 לי</ItemName>
      <ManufactureName>לא ידוע</ManufactureName>
      <ManufactureCountry>לא ידוע</ManufactureCountry>
      <ManufactureItemDescription>סוטאז' 28 ס"מ 4.5 לי</ManufactureItemDescription>
      <UnitQty>יחידות</UnitQty>
      <Quantity>0.00</Quantity>
      <UnitOfMeasure>יחידה   </UnitOfMeasure>
      <bIsWeighted>0</bIsWeighted>
      <QtyInPackage>לא ידוע</QtyInPackage>
      <ItemPrice>124.90</ItemPrice>
      <UnitOfMeasurePrice>0.00</UnitOfMeasurePrice>
      <AllowDiscount>1</AllowDiscount>
      <ItemStatus/>
    </Item>
    <Item>
      <PriceUpdateTime>2025-01-23T10:54:07.000</PriceUpdateTime>
      <ItemCode>7290108272468</ItemCode>
      <LastSaleDateTime>2026-01-29T16:30:05.000</LastSaleDateTime>
      <ItemType>1</ItemType>
      <ItemName>מנגטים צבעוניים מס 1</ItemName>
      <ManufactureName>לא ידוע</ManufactureName>
      <ManufactureCountry>לא ידוע</ManufactureCountry>
      <ManufactureItemDescription>מנגטים צבעוניים מס 1</ManufactureItemDescription>
      <UnitQty>לא ידוע</UnitQty>
      <Quantity>1.00</Quantity>
      <UnitOfMeasure>יח'</UnitOfMeasure>
      <bIsWeighted>0</bIsWeighted>
      <QtyInPackage>לא ידוע</QtyInPackage>
      <ItemPrice>3.90</ItemPrice>
      <UnitOfMeasurePrice>3.90</UnitOfMeasurePrice>
      <AllowDiscount>1</AllowDiscount>
      <ItemStatus/>
    </Item>
    <Item>
      <PriceUpdateTime>2025-01-23T10:54:07.000</PriceUpdateTime>
      <ItemCode>7290108272475</ItemCode>
      <LastSaleDateTime>2026-01-28T22:43:00.000</LastSaleDateTime>
      <ItemType>1</ItemType>
      <ItemName>מנגטים צבעונים מס 2</ItemName>
      <ManufactureName>לא ידוע</ManufactureName>
      <ManufactureCountry>לא ידוע</ManufactureCountry>
      <ManufactureItemDescription>מנגטים צבעונים מס 2</ManufactureItemDescription>
      <UnitQty>לא ידוע</UnitQty>
      <Quantity>1.00</Quantity>
      <UnitOfMeasure>יח'</UnitOfMeasure>
      <bIsWeighted>0</bIsWeighted>
      <QtyInPackage>לא ידוע</QtyInPackage>
      <ItemPrice>4.50</ItemPrice>
      <UnitOfMeasurePrice>4.50</UnitOfMeasurePrice>
      <AllowDiscount>1</AllowDiscount>
      <ItemStatus/>
    </Item>
    <Item>
      <PriceUpdateTime>2025-01-23T10:54:07.000</PriceUpdateTime>
      <ItemCode>7290108272482</ItemCode>
      <LastSaleDateTime>2026-01-29T15:46:20.000</LastSaleDateTime>
      <ItemType>1</ItemType>
      <ItemName>מנגטים צבעונים מס 3</ItemName>
      <ManufactureName>לא ידוע</ManufactureName>
      <ManufactureCountry>לא ידוע</ManufactureCountry>
      <ManufactureItemDescription>מנגטים צבעונים מס 3</ManufactureItemDescription>
      <UnitQty>לא ידוע</UnitQty>
      <Quantity>1.00</Quantity>
      <UnitOfMeasure>יח'</UnitOfMeasure>
      <bIsWeighted>0</bIsWeighted>
      <QtyInPackage>לא ידוע</QtyInPackage>
      <ItemPrice>4.90</ItemPrice>
      <UnitOfMeasurePrice>4.90</UnitOfMeasurePrice>
      <AllowDiscount>1</AllowDiscount>
      <ItemStatus/>
    </Item>
    <Item>
      <PriceUpdateTime>2025-01-23T10:54:07.000</PriceUpdateTime>
      <ItemCode>7290108278576</ItemCode>
      <LastSaleDateTime>2026-01-28T09:50:26.000</LastSaleDateTime>
      <ItemType>1</ItemType>
      <ItemName>מיני כפית קרם 50 יח</ItemName>
      <ManufactureName>לא ידוע</ManufactureName>
      <ManufactureCountry>לא ידוע</ManufactureCountry>
      <ManufactureItemDescription>מיני כפית קרם 50 יח</ManufactureItemDescription>
      <UnitQty>לא ידוע</UnitQty>
      <Quantity>1.00</Quantity>
      <UnitOfMeasure>יח'</UnitOfMeasure>
      <bIsWeighted>0</bIsWeighted>
      <QtyInPackage>לא ידוע</QtyInPackage>
      <ItemPrice>6.90</ItemPrice>
      <UnitOfMeasurePrice>6.90</UnitOfMeasurePrice>
      <AllowDiscount>1</AllowDiscount>
      <ItemStatus/>
    </Item>
    <Item>
      <PriceUpdateTime>2025-01-23T10:54:48.000</PriceUpdateTime>
      <ItemCode>7290108271416</ItemCode>
      <LastSaleDateTime>2026-01-22T19:47:28.000</LastSaleDateTime>
      <ItemType>1</ItemType>
      <ItemName>שקיות אשפה 52/65 עם</ItemName>
      <ManufactureName>רמי לוי</ManufactureName>
      <ManufactureCountry>לא ידוע</ManufactureCountry>
      <ManufactureItemDescription>שקיות אשפה 52/65 עם</ManufactureItemDescription>
      <UnitQty>לא ידוע</UnitQty>
      <Quantity>1.00</Quantity>
      <UnitOfMeasure>יח'</UnitOfMeasure>
      <bIsWeighted>0</bIsWeighted>
      <QtyInPackage>לא ידוע</QtyInPackage>
      <ItemPrice>15.90</ItemPrice>
      <UnitOfMeasurePrice>15.90</UnitOfMeasurePrice>
      <AllowDiscount>1</AllowDiscount>
      <ItemStatus/>
    </Item>
    <Item>
      <PriceUpdateTime>2025-01-23T10:54:48.000</PriceUpdateTime>
      <ItemCode>7290108271485</ItemCode>
      <LastSaleDateTime>2026-01-22T19:51:26.000</LastSaleDateTime>
      <ItemType>1</ItemType>
      <ItemName>שקיות גופייה 75/90 ר</ItemName>
      <ManufactureName>איכותית</ManufactureName>
      <ManufactureCountry>ישראל</ManufactureCountry>
      <ManufactureItemDescription>שקיות גופייה 75/90 ר</ManufactureItemDescription>
      <UnitQty>לא ידוע</UnitQty>
      <Quantity>25.00</Quantity>
      <UnitOfMeasure>יח'</UnitOfMeasure>
      <bIsWeighted>0</bIsWeighted>
      <QtyInPackage>לא ידוע</QtyInPackage>
      <ItemPrice>13.90</ItemPrice>
      <UnitOfMeasurePrice>0.56</UnitOfMeasurePrice>
      <AllowDiscount>1</AllowDiscount>
      <ItemStatus/>
    </Item>
    <Item>
      <PriceUpdateTime>2025-01-23T10:54:48.000</PriceUpdateTime>
      <ItemCode>7290108272130</ItemCode>
      <LastSaleDateTime>2026-01-22T15:30:05.000</LastSaleDateTime>
      <ItemType>1</ItemType>
      <ItemName>נייר סנדויץ 25*35 רמ</ItemName>
      <ManufactureName>רמי לוי</ManufactureName>
      <ManufactureCountry>לא ידוע</ManufactureCountry>
      <ManufactureItemDescription>נייר סנדויץ 25*35 רמ</ManufactureItemDescription>
      <UnitQty>לא ידוע</UnitQty>
      <Quantity>1.00</Quantity>
      <UnitOfMeasure>יח'</UnitOfMeasure>
      <bIsWeighted>0</bIsWeighted>
      <QtyInPackage>לא ידוע</QtyInPackage>
      <ItemPrice>8.90</ItemPrice>
      <UnitOfMeasurePrice>8.90</UnitOfMeasurePrice>
      <AllowDiscount>1</AllowDiscount>
      <ItemStatus/>
    </Item>
    <Item>
      <PriceUpdateTime>2025-01-23T10:54:48.000</PriceUpdateTime>
      <ItemCode>7290108227864</ItemCode>
      <LastSaleDateTime>2026-01-29T18:21:32.000</LastSaleDateTime>
      <ItemType>1</ItemType>
      <ItemName>זוג רדיד אלומניום מע</ItemName>
      <ManufactureName>לא ידוע</ManufactureName>
      <ManufactureCountry>לא ידוע</ManufactureCountry>
      <ManufactureItemDescription>זוג רדיד אלומניום מע</ManufactureItemDescription>
      <UnitQty>לא ידוע</UnitQty>
      <Quantity>1.00</Quantity>
      <UnitOfMeasure>יח'</UnitOfMeasure>
      <bIsWeighted>0</bIsWeighted>
      <QtyInPackage>לא ידוע</QtyInPackage>
      <ItemPrice>12.90</ItemPrice>
      <UnitOfMeasurePrice>12.90</UnitOfMeasurePrice>
      <AllowDiscount>1</AllowDiscount>
      <ItemStatus/>
    </Item>
    <Item>
      <PriceUpdateTime>2025-01-23T10:55:18.000</PriceUpdateTime>
      <ItemCode>7290017197838</ItemCode>
      <LastSaleDateTime>2026-01-29T18:59:44.000</LastSaleDateTime>
      <ItemType>1</ItemType>
      <ItemName>שמפו וגל רחצה לגבר נ</ItemName>
      <ManufactureName>לא ידוע</ManufactureName>
      <ManufactureCountry>לא ידוע</ManufactureCountry>
      <ManufactureItemDescription>שמפו וגל רחצה לגבר נ</ManufactureItemDescription>
      <UnitQty>לא ידוע</UnitQty>
      <Quantity>750.00</Quantity>
      <UnitOfMeasure>100 מ"ל</UnitOfMeasure>
      <bIsWeighted>0</bIsWeighted>
      <QtyInPackage>לא ידוע</QtyInPackage>
      <ItemPrice>8.90</ItemPrice>
      <UnitOfMeasurePrice>0.01</UnitOfMeasurePrice>
      <AllowDiscount>1</AllowDiscount>
      <ItemStatus/>
    </Item>
    <Item>
      <PriceUpdateTime>2025-01-28T15:05:44.000</PriceUpdateTime>
      <ItemCode>7290005689055</ItemCode>
      <LastSaleDateTime>2026-01-22T21:37:56.000</LastSaleDateTime>
      <ItemType>1</ItemType>
      <ItemName>צוואר כבש קפוא</ItemName>
      <ManufactureName>לא ידוע</ManufactureName>
      <ManufactureCountry>לא ידוע</ManufactureCountry>
      <ManufactureItemDescription>צוואר כבש קפוא</ManufactureItemDescription>
      <UnitQty>קילוגרם</UnitQty>
      <Quantity>1.00</Quantity>
      <UnitOfMeasure>ק"ג     </UnitOfMeasure>
      <bIsWeighted>1</bIsWeighted>
      <QtyInPackage>לא ידוע</QtyInPackage>
      <ItemPrice>89.90</ItemPrice>
      <UnitOfMeasurePrice>89.90</UnitOfMeasurePrice>
      <AllowDiscount>1</AllowDiscount>
      <ItemStatus/>
    </Item>
    <Item>
      <PriceUpdateTime>2025-01-29T16:38:53.000</PriceUpdateTime>
      <ItemCode>7290000000128</ItemCode>
      <LastSaleDateTime>2026-01-22T18:41:13.000</LastSaleDateTime>
      <ItemType>1</ItemType>
      <ItemName>נענע (בתפזורת)</ItemName>
      <ManufactureName>ביכורי השקמה</ManufactureName>
      <ManufactureCountry>לא ידוע</ManufactureCountry>
      <ManufactureItemDescription>נענע (בתפזורת)</ManufactureItemDescription>
      <UnitQty>לא ידוע</UnitQty>
      <Quantity>1.00</Quantity>
      <UnitOfMeasure>יח'</UnitOfMeasure>
      <bIsWeighted>0</bIsWeighted>
      <QtyInPackage>לא ידוע</QtyInPackage>
      <ItemPrice>3.90</ItemPrice>
      <UnitOfMeasurePrice>3.90</UnitOfMeasurePrice>
      <AllowDiscount>1</AllowDiscount>
      <ItemStatus/>
    </Item>
    <Item>
      <PriceUpdateTime>2025-01-29T16:38:53.000</PriceUpdateTime>
      <ItemCode>7290015014472</ItemCode>
      <LastSaleDateTime>2026-01-29T12:21:43.000</LastSaleDateTime>
      <ItemType>1</ItemType>
      <ItemName>טימין תקומה</ItemName>
      <ManufactureName>לא ידוע</ManufactureName>
      <ManufactureCountry>לא ידוע</ManufactureCountry>
      <ManufactureItemDescription>טימין תקומה</ManufactureItemDescription>
      <UnitQty>לא ידוע</UnitQty>
      <Quantity>1.00</Quantity>
      <UnitOfMeasure>יח'</UnitOfMeasure>
      <bIsWeighted>0</bIsWeighted>
      <QtyInPackage>לא ידוע</QtyInPackage>
      <ItemPrice>4.90</ItemPrice>
      <UnitOfMeasurePrice>4.90</UnitOfMeasurePrice>
      <AllowDiscount>1</AllowDiscount>
      <ItemStatus/>
    </Item>
    <Item>
      <PriceUpdateTime>2025-02-03T10:29:40.000</PriceUpdateTime>
      <ItemCode>7290017197678</ItemCode>
      <LastSaleDateTime>2026-01-29T21:15:25.000</LastSaleDateTime>
      <ItemType>1</ItemType>
      <ItemName>מגבוני ניקיון שלישיי</ItemName>
      <ManufactureName>לא ידוע</ManufactureName>
      <ManufactureCountry>לא ידוע</ManufactureCountry>
      <ManufactureItemDescription>מגבוני ניקיון שלישיי</ManufactureItemDescription>
      <UnitQty>לא ידוע</UnitQty>
      <Quantity>3.00</Quantity>
      <UnitOfMeasure>יח'</UnitOfMeasure>
      <bIsWeighted>0</bIsWeighted>
      <QtyInPackage>לא ידוע</QtyInPackage>
      <ItemPrice>14.90</ItemPrice>
      <UnitOfMeasurePrice>4.97</UnitOfMeasurePrice>
      <AllowDiscount>1</AllowDiscount>
      <ItemStatus/>
    </Item>
    <Item>
      <PriceUpdateTime>2025-02-03T10:30:35.000</PriceUpdateTime>
      <ItemCode>7290014860247</ItemCode>
      <LastSaleDateTime>2026-01-28T09:18:30.000</LastSaleDateTime>
      <ItemType>1</ItemType>
      <ItemName>שבבי אורז מרובעים לל</ItemName>
      <ManufactureName>לא ידוע</ManufactureName>
      <ManufactureCountry>לא ידוע</ManufactureCountry>
      <ManufactureItemDescription>שבבי אורז מרובעים לל</ManufactureItemDescription>
      <UnitQty>גרם</UnitQty>
      <Quantity>227.00</Quantity>
      <UnitOfMeasure>100 גרם</UnitOfMeasure>
      <bIsWeighted>0</bIsWeighted>
      <QtyInPackage>לא ידוע</QtyInPackage>
      <ItemPrice>8.40</ItemPrice>
      <UnitOfMeasurePrice>3.70</UnitOfMeasurePrice>
      <AllowDiscount>1</AllowDiscount>
      <ItemStatus/>
    </Item>
    <Item>
      <PriceUpdateTime>2025-02-03T10:30:51.000</PriceUpdateTime>
      <ItemCode>7290116058252</ItemCode>
      <LastSaleDateTime>2026-01-22T15:32:45.000</LastSaleDateTime>
      <ItemType>1</ItemType>
      <ItemName>טוסקנה אובלי קטן לבן</ItemName>
      <ManufactureName>לא ידוע</ManufactureName>
      <ManufactureCountry>לא ידוע</ManufactureCountry>
      <ManufactureItemDescription>טוסקנה אובלי קטן לבן</ManufactureItemDescription>
      <UnitQty>לא ידוע</UnitQty>
      <Quantity>1.00</Quantity>
      <UnitOfMeasure>יח'</UnitOfMeasure>
      <bIsWeighted>0</bIsWeighted>
      <QtyInPackage>לא ידוע</QtyInPackage>
      <ItemPrice>7.90</ItemPrice>
      <UnitOfMeasurePrice>7.90</UnitOfMeasurePrice>
      <AllowDiscount>1</AllowDiscount>
      <ItemStatus/>
    </Item>
    <Item>
      <PriceUpdateTime>2025-02-03T10:31:05.000</PriceUpdateTime>
      <ItemCode>5566774570514</ItemCode>
      <LastSaleDateTime>2026-01-28T12:45:52.000</LastSaleDateTime>
      <ItemType>1</ItemType>
      <ItemName>סיר יציקה משובח 24 ס</ItemName>
      <ManufactureName>לא ידוע</ManufactureName>
      <ManufactureCountry>לא ידוע</ManufactureCountry>
      <ManufactureItemDescription>סיר יציקה משובח 24 ס</ManufactureItemDescription>
      <UnitQty>לא ידוע</UnitQty>
      <Quantity>1.00</Quantity>
      <UnitOfMeasure>יח'</UnitOfMeasure>
      <bIsWeighted>0</bIsWeighted>
      <QtyInPackage>לא ידוע</QtyInPackage>
      <ItemPrice>59.90</ItemPrice>
      <UnitOfMeasurePrice>59.90</UnitOfMeasurePrice>
      <AllowDiscount>1</AllowDiscount>
      <ItemStatus/>
    </Item>
    <Item>
      <PriceUpdateTime>2025-02-03T10:35:59.000</PriceUpdateTime>
      <ItemCode>7290013144980</ItemCode>
      <LastSaleDateTime>2026-01-28T09:41:22.000</LastSaleDateTime>
      <ItemType>1</ItemType>
      <ItemName>מימונס תרסיס שמן קנו</ItemName>
      <ManufactureName>לא ידוע</ManufactureName>
      <ManufactureCountry>לא ידוע</ManufactureCountry>
      <ManufactureItemDescription>מימונס תרסיס שמן קנו</ManufactureItemDescription>
      <UnitQty>גרם</UnitQty>
      <Quantity>170.00</Quantity>
      <UnitOfMeasure>100 גרם</UnitOfMeasure>
      <bIsWeighted>0</bIsWeighted>
      <QtyInPackage>לא ידוע</QtyInPackage>
      <ItemPrice>16.80</ItemPrice>
      <UnitOfMeasurePrice>9.88</UnitOfMeasurePrice>
      <AllowDiscount>1</AllowDiscount>
      <ItemStatus/>
    </Item>
    <Item>
      <PriceUpdateTime>2025-02-03T10:39:05.000</PriceUpdateTime>
      <ItemCode>5099864006384</ItemCode>
      <LastSaleDateTime>2026-01-22T12:58:46.000</LastSaleDateTime>
      <ItemType>1</ItemType>
      <ItemName>תחליף חלב למהדרין של</ItemName>
      <ManufactureName>סימילאק</ManufactureName>
      <ManufactureCountry>ספרד</ManufactureCountry>
      <ManufactureItemDescription>SIMILAC LAMEHADRIN - 2 90</ManufactureItemDescription>
      <UnitQty>גרם</UnitQty>
      <Quantity>900.00</Quantity>
      <UnitOfMeasure>100 גרם</UnitOfMeasure>
      <bIsWeighted>0</bIsWeighted>
      <QtyInPackage>לא ידוע</QtyInPackage>
      <ItemPrice>69.70</ItemPrice>
      <UnitOfMeasurePrice>7.74</UnitOfMeasurePrice>
      <AllowDiscount>1</AllowDiscount>
      <ItemStatus/>
    </Item>
    <Item>
      <PriceUpdateTime>2025-02-03T10:40:28.000</PriceUpdateTime>
      <ItemCode>7290000319803</ItemCode>
      <LastSaleDateTime>2026-01-29T12:36:54.000</LastSaleDateTime>
      <ItemType>1</ItemType>
      <ItemName>קבנוס קלאסי יחיעם 12</ItemName>
      <ManufactureName>מעדני  יחיעם</ManufactureName>
      <ManufactureCountry>לא ידוע</ManufactureCountry>
      <ManufactureItemDescription>קבנוס קלאסי יחיעם 12</ManufactureItemDescription>
      <UnitQty>גרם</UnitQty>
      <Quantity>125.00</Quantity>
      <UnitOfMeasure>100 גרם</UnitOfMeasure>
      <bIsWeighted>0</bIsWeighted>
      <QtyInPackage>לא ידוע</QtyInPackage>
      <ItemPrice>13.90</ItemPrice>
      <UnitOfMeasurePrice>11.12</UnitOfMeasurePrice>
      <AllowDiscount>1</AllowDiscount>
      <ItemStatus/>
    </Item>
    <Item>
      <PriceUpdateTime>2025-02-03T10:40:28.000</PriceUpdateTime>
      <ItemCode>7290014046436</ItemCode>
      <LastSaleDateTime>2026-01-29T14:08:48.000</LastSaleDateTime>
      <ItemType>1</ItemType>
      <ItemName>נשנושי קבנוס 125 ג</ItemName>
      <ManufactureName>מעדני  יחיעם</ManufactureName>
      <ManufactureCountry>לא ידוע</ManufactureCountry>
      <ManufactureItemDescription>נשנושי קבנוס 125 ג</ManufactureItemDescription>
      <UnitQty>גרם</UnitQty>
      <Quantity>125.00</Quantity>
      <UnitOfMeasure>100 גרם</UnitOfMeasure>
      <bIsWeighted>0</bIsWeighted>
      <QtyInPackage>לא ידוע</QtyInPackage>
      <ItemPrice>13.90</ItemPrice>
      <UnitOfMeasurePrice>11.12</UnitOfMeasurePrice>
      <AllowDiscount>1</AllowDiscount>
      <ItemStatus/>
    </Item>
    <Item>
      <PriceUpdateTime>2025-02-04T10:11:46.000</PriceUpdateTime>
      <ItemCode>7290002404613</ItemCode>
      <LastSaleDateTime>2025-07-25T00:00:00.000</LastSaleDateTime>
      <ItemType>1</ItemType>
      <ItemName>היוצר וירטואוזו קברנ</ItemName>
      <ManufactureName>יקבי ארזה</ManufactureName>
      <ManufactureCountry>לא ידוע</ManufactureCountry>
      <ManufactureItemDescription>היוצר וירטואוזו קברנ</ManufactureItemDescription>
      <UnitQty>לא ידוע</UnitQty>
      <Quantity>750.00</Quantity>
      <UnitOfMeasure>100 מ"ל</UnitOfMeasure>
      <bIsWeighted>0</bIsWeighted>
      <QtyInPackage>לא ידוע</QtyInPackage>
      <ItemPrice>45.90</ItemPrice>
      <UnitOfMeasurePrice>0.06</UnitOfMeasurePrice>
      <AllowDiscount>1</AllowDiscount>
      <ItemStatus>2</ItemStatus>
    </Item>
    <Item>
      <PriceUpdateTime>2025-02-04T10:11:46.000</PriceUpdateTime>
      <ItemCode>7290002404613</ItemCode>
      <LastSaleDateTime>2025-07-25T00:00:00.000</LastSaleDateTime>
      <ItemType>1</ItemType>
      <ItemName>היוצר וירטואוזו קברנ</ItemName>
      <ManufactureName>יקבי ארזה</ManufactureName>
      <ManufactureCountry>לא ידוע</ManufactureCountry>
      <ManufactureItemDescription>היוצר וירטואוזו קברנ</ManufactureItemDescription>
      <UnitQty>לא ידוע</UnitQty>
      <Quantity>750.00</Quantity>
      <UnitOfMeasure>100 מ"ל</UnitOfMeasure>
      <bIsWeighted>0</bIsWeighted>
      <QtyInPackage>לא ידוע</QtyInPackage>
      <ItemPrice>45.90</ItemPrice>
      <UnitOfMeasurePrice>0.06</UnitOfMeasurePrice>
      <AllowDiscount>1</AllowDiscount>
      <ItemStatus/>
    </Item>
    <Item>
      <PriceUpdateTime>2025-02-04T10:11:46.000</PriceUpdateTime>
      <ItemCode>7290002404620</ItemCode>
      <LastSaleDateTime>2015-01-01T00:00:00.000</LastSaleDateTime>
      <ItemType>1</ItemType>
      <ItemName>היוצר וירטואוזו מרלו</ItemName>
      <ManufactureName>יקבי ארזה</ManufactureName>
      <ManufactureCountry>לא ידוע</ManufactureCountry>
      <ManufactureItemDescription>היוצר וירטואוזו מרלו</ManufactureItemDescription>
      <UnitQty>לא ידוע</UnitQty>
      <Quantity>750.00</Quantity>
      <UnitOfMeasure>100 מ"ל</UnitOfMeasure>
      <bIsWeighted>0</bIsWeighted>
      <QtyInPackage>לא ידוע</QtyInPackage>
      <ItemPrice>45.90</ItemPrice>
      <UnitOfMeasurePrice>0.06</UnitOfMeasurePrice>
      <AllowDiscount>1</AllowDiscount>
      <ItemStatus>2</ItemStatus>
    </Item>
    <Item>
      <PriceUpdateTime>2025-02-04T10:11:46.000</PriceUpdateTime>
      <ItemCode>7290002404620</ItemCode>
      <LastSaleDateTime>2015-01-01T00:00:00.000</LastSaleDateTime>
      <ItemType>1</ItemType>
      <ItemName>היוצר וירטואוזו מרלו</ItemName>
      <ManufactureName>יקבי ארזה</ManufactureName>
      <ManufactureCountry>לא ידוע</ManufactureCountry>
      <ManufactureItemDescription>היוצר וירטואוזו מרלו</ManufactureItemDescription>
      <UnitQty>לא ידוע</UnitQty>
      <Quantity>750.00</Quantity>
      <UnitOfMeasure>100 מ"ל</UnitOfMeasure>
      <bIsWeighted>0</bIsWeighted>
      <QtyInPackage>לא ידוע</QtyInPackage>
      <ItemPrice>45.90</ItemPrice>
      <UnitOfMeasurePrice>0.06</UnitOfMeasurePrice>
      <AllowDiscount>1</AllowDiscount>
      <ItemStatus/>
    </Item>
    <Item>
      <PriceUpdateTime>2025-02-04T10:11:46.000</PriceUpdateTime>
      <ItemCode>7290002404637</ItemCode>
      <LastSaleDateTime>2015-01-01T00:00:00.000</LastSaleDateTime>
      <ItemType>1</ItemType>
      <ItemName>היוצר וירטואוזו שירז</ItemName>
      <ManufactureName>יקבי ארזה</ManufactureName>
      <ManufactureCountry>לא ידוע</ManufactureCountry>
      <ManufactureItemDescription>היוצר וירטואוזו שירז</ManufactureItemDescription>
      <UnitQty>לא ידוע</UnitQty>
      <Quantity>750.00</Quantity>
      <UnitOfMeasure>100 מ"ל</UnitOfMeasure>
      <bIsWeighted>0</bIsWeighted>
      <QtyInPackage>לא ידוע</QtyInPackage>
      <ItemPrice>45.90</ItemPrice>
      <UnitOfMeasurePrice>0.06</UnitOfMeasurePrice>
      <AllowDiscount>1</AllowDiscount>
      <ItemStatus>2</ItemStatus>
    </Item>
    <Item>
      <PriceUpdateTime>2025-02-04T10:11:46.000</PriceUpdateTime>
      <ItemCode>7290002404637</ItemCode>
      <LastSaleDateTime>2015-01-01T00:00:00.000</LastSaleDateTime>
      <ItemType>1</ItemType>
      <ItemName>היוצר וירטואוזו שירז</ItemName>
      <ManufactureName>יקבי ארזה</ManufactureName>
      <ManufactureCountry>לא ידוע</ManufactureCountry>
      <ManufactureItemDescription>היוצר וירטואוזו שירז</ManufactureItemDescription>
      <UnitQty>לא ידוע</UnitQty>
      <Quantity>750.00</Quantity>
      <UnitOfMeasure>100 מ"ל</UnitOfMeasure>
      <bIsWeighted>0</bIsWeighted>
      <QtyInPackage>לא ידוע</QtyInPackage>
      <ItemPrice>45.90</ItemPrice>
      <UnitOfMeasurePrice>0.06</UnitOfMeasurePrice>
      <AllowDiscount>1</AllowDiscount>
      <ItemStatus/>
    </Item>
    <Item>
      <PriceUpdateTime>2025-02-04T10:11:46.000</PriceUpdateTime>
      <ItemCode>7290016693140</ItemCode>
      <LastSaleDateTime>2025-10-13T00:00:00.000</LastSaleDateTime>
      <ItemType>1</ItemType>
      <ItemName>היוצר וירטואוזו שרדו</ItemName>
      <ManufactureName>לא ידוע</ManufactureName>
      <ManufactureCountry>לא ידוע</ManufactureCountry>
      <ManufactureItemDescription>היוצר וירטואוזו שרדו</ManufactureItemDescription>
      <UnitQty>לא ידוע</UnitQty>
      <Quantity>1.00</Quantity>
      <UnitOfMeasure>יח'</UnitOfMeasure>
      <bIsWeighted>0</bIsWeighted>
      <QtyInPackage>לא ידוע</QtyInPackage>
      <ItemPrice>45.90</ItemPrice>
      <UnitOfMeasurePrice>45.90</UnitOfMeasurePrice>
      <AllowDiscount>1</AllowDiscount>
      <ItemStatus>2</ItemStatus>
    </Item>
    <Item>
      <PriceUpdateTime>2025-02-04T10:11:46.000</PriceUpdateTime>
      <ItemCode>7290016693140</ItemCode>
      <LastSaleDateTime>2025-10-13T00:00:00.000</LastSaleDateTime>
      <ItemType>1</ItemType>
      <ItemName>היוצר וירטואוזו שרדו</ItemName>
      <ManufactureName>לא ידוע</ManufactureName>
      <ManufactureCountry>לא ידוע</ManufactureCountry>
      <ManufactureItemDescription>היוצר וירטואוזו שרדו</ManufactureItemDescription>
      <UnitQty>לא ידוע</UnitQty>
      <Quantity>1.00</Quantity>
      <UnitOfMeasure>יח'</UnitOfMeasure>
      <bIsWeighted>0</bIsWeighted>
      <QtyInPackage>לא ידוע</QtyInPackage>
      <ItemPrice>45.90</ItemPrice>
      <UnitOfMeasurePrice>45.90</UnitOfMeasurePrice>
      <AllowDiscount>1</AllowDiscount>
      <ItemStatus/>
    </Item>
    <Item>
      <PriceUpdateTime>2025-02-04T10:11:46.000</PriceUpdateTime>
      <ItemCode>7290016693287</ItemCode>
      <LastSaleDateTime>2015-01-01T00:00:00.000</LastSaleDateTime>
      <ItemType>1</ItemType>
      <ItemName>גוורצטרמינר היוצר</ItemName>
      <ManufactureName>לא ידוע</ManufactureName>
      <ManufactureCountry>לא ידוע</ManufactureCountry>
      <ManufactureItemDescription>גוורצטרמינר היוצר</ManufactureItemDescription>
      <UnitQty>לא ידוע</UnitQty>
      <Quantity>750.00</Quantity>
      <UnitOfMeasure>100 מ"ל</UnitOfMeasure>
      <bIsWeighted>0</bIsWeighted>
      <QtyInPackage>לא ידוע</QtyInPackage>
      <ItemPrice>45.90</ItemPrice>
      <UnitOfMeasurePrice>0.06</UnitOfMeasurePrice>
      <AllowDiscount>1</AllowDiscount>
      <ItemStatus>2</ItemStatus>
    </Item>
    <Item>
      <PriceUpdateTime>2025-02-04T10:11:46.000</PriceUpdateTime>
      <ItemCode>7290016693287</ItemCode>
      <LastSaleDateTime>2015-01-01T00:00:00.000</LastSaleDateTime>
      <ItemType>1</ItemType>
      <ItemName>גוורצטרמינר היוצר</ItemName>
      <ManufactureName>לא ידוע</ManufactureName>
      <ManufactureCountry>לא ידוע</ManufactureCountry>
      <ManufactureItemDescription>גוורצטרמינר היוצר</ManufactureItemDescription>
      <UnitQty>לא ידוע</UnitQty>
      <Quantity>750.00</Quantity>
      <UnitOfMeasure>100 מ"ל</UnitOfMeasure>
      <bIsWeighted>0</bIsWeighted>
      <QtyInPackage>לא ידוע</QtyInPackage>
      <ItemPrice>45.90</ItemPrice>
      <UnitOfMeasurePrice>0.06</UnitOfMeasurePrice>
      <AllowDiscount>1</AllowDiscount>
      <ItemStatus/>
    </Item>
    <Item>
      <PriceUpdateTime>2025-02-04T10:11:46.000</PriceUpdateTime>
      <ItemCode>7290018940082</ItemCode>
      <LastSaleDateTime>2015-01-01T00:00:00.000</LastSaleDateTime>
      <ItemType>1</ItemType>
      <ItemName>וירטואוזו רונדו חצי</ItemName>
      <ManufactureName>לא ידוע</ManufactureName>
      <ManufactureCountry>לא ידוע</ManufactureCountry>
      <ManufactureItemDescription>וירטואוזו רונדו חצי</ManufactureItemDescription>
      <UnitQty>לא ידוע</UnitQty>
      <Quantity>750.00</Quantity>
      <UnitOfMeasure>100 מ"ל</UnitOfMeasure>
      <bIsWeighted>0</bIsWeighted>
      <QtyInPackage>לא ידוע</QtyInPackage>
      <ItemPrice>45.90</ItemPrice>
      <UnitOfMeasurePrice>0.06</UnitOfMeasurePrice>
      <AllowDiscount>1</AllowDiscount>
      <ItemStatus>2</ItemStatus>
    </Item>
    <Item>
      <PriceUpdateTime>2025-02-04T10:11:46.000</PriceUpdateTime>
      <ItemCode>7290018940082</ItemCode>
      <LastSaleDateTime>2015-01-01T00:00:00.000</LastSaleDateTime>
      <ItemType>1</ItemType>
      <ItemName>וירטואוזו רונדו חצי</ItemName>
      <ManufactureName>לא ידוע</ManufactureName>
      <ManufactureCountry>לא ידוע</ManufactureCountry>
      <ManufactureItemDescription>וירטואוזו רונדו חצי</ManufactureItemDescription>
      <UnitQty>לא ידוע</UnitQty>
      <Quantity>750.00</Quantity>
      <UnitOfMeasure>100 מ"ל</UnitOfMeasure>
      <bIsWeighted>0</bIsWeighted>
      <QtyInPackage>לא ידוע</QtyInPackage>
      <ItemPrice>45.90</ItemPrice>
      <UnitOfMeasurePrice>0.06</UnitOfMeasurePrice>
      <AllowDiscount>1</AllowDiscount>
      <ItemStatus/>
    </Item>
    <Item>
      <PriceUpdateTime>2025-02-04T10:12:28.000</PriceUpdateTime>
      <ItemCode>7290016136739</ItemCode>
      <LastSaleDateTime>2026-01-22T16:37:33.000</LastSaleDateTime>
      <ItemType>1</ItemType>
      <ItemName>פסטה פוזילי ללא גלוט</ItemName>
      <ManufactureName>לא ידוע</ManufactureName>
      <ManufactureCountry>לא ידוע</ManufactureCountry>
      <ManufactureItemDescription>פסטה פוזילי ללא גלוט</ManufactureItemDescription>
      <UnitQty>גרם</UnitQty>
      <Quantity>340.00</Quantity>
      <UnitOfMeasure>100 גרם</UnitOfMeasure>
      <bIsWeighted>0</bIsWeighted>
      <QtyInPackage>לא ידוע</QtyInPackage>
      <ItemPrice>13.90</ItemPrice>
      <UnitOfMeasurePrice>4.09</UnitOfMeasurePrice>
      <AllowDiscount>1</AllowDiscount>
      <ItemStatus/>
    </Item>
    <Item>
      <PriceUpdateTime>2025-02-04T10:14:08.000</PriceUpdateTime>
      <ItemCode>8033413430708</ItemCode>
      <LastSaleDateTime>2025-12-15T00:00:00.000</LastSaleDateTime>
      <ItemType>1</ItemType>
      <ItemName>לימוצ'לו וילה מסה כש</ItemName>
      <ManufactureName>לא ידוע</ManufactureName>
      <ManufactureCountry>לא ידוע</ManufactureCountry>
      <ManufactureItemDescription>לימוצ'לו וילה מסה כש</ManufactureItemDescription>
      <UnitQty>יחידות</UnitQty>
      <Quantity>0.00</Quantity>
      <UnitOfMeasure>יחידה   </UnitOfMeasure>
      <bIsWeighted>0</bIsWeighted>
      <QtyInPackage>לא ידוע</QtyInPackage>
      <ItemPrice>99.90</ItemPrice>
      <UnitOfMeasurePrice>0.00</UnitOfMeasurePrice>
      <AllowDiscount>1</AllowDiscount>
      <ItemStatus/>
    </Item>
    <Item>
      <PriceUpdateTime>2025-02-06T13:04:51.000</PriceUpdateTime>
      <ItemCode>4053400073040</ItemCode>
      <LastSaleDateTime>2025-12-05T00:00:00.000</LastSaleDateTime>
      <ItemType>1</ItemType>
      <ItemName>בירה שופרהופר שישייה</ItemName>
      <ManufactureName>לא ידוע</ManufactureName>
      <ManufactureCountry>לא ידוע</ManufactureCountry>
      <ManufactureItemDescription>בירה שופרהופר שישייה</ManufactureItemDescription>
      <UnitQty>מטרים</UnitQty>
      <Quantity>1320.00</Quantity>
      <UnitOfMeasure>100 מ'ל</UnitOfMeasure>
      <bIsWeighted>0</bIsWeighted>
      <QtyInPackage>לא ידוע</QtyInPackage>
      <ItemPrice>39.90</ItemPrice>
      <UnitOfMeasurePrice>0.03</UnitOfMeasurePrice>
      <AllowDiscount>1</AllowDiscount>
      <ItemStatus/>
    </Item>
    <Item>
      <PriceUpdateTime>2025-02-09T10:21:22.000</PriceUpdateTime>
      <ItemCode>7290121040938</ItemCode>
      <LastSaleDateTime>2026-01-28T19:09:24.000</LastSaleDateTime>
      <ItemType>1</ItemType>
      <ItemName>מטען קיר 45W Type C</ItemName>
      <ManufactureName>לא ידוע</ManufactureName>
      <ManufactureCountry>לא ידוע</ManufactureCountry>
      <ManufactureItemDescription>מטען קיר 45W Type C</ManufactureItemDescription>
      <UnitQty>יחידות</UnitQty>
      <Quantity>0.00</Quantity>
      <UnitOfMeasure>יחידה   </UnitOfMeasure>
      <bIsWeighted>0</bIsWeighted>
      <QtyInPackage>לא ידוע</QtyInPackage>
      <ItemPrice>89.90</ItemPrice>
      <UnitOfMeasurePrice>0.00</UnitOfMeasurePrice>
      <AllowDiscount>1</AllowDiscount>
      <ItemStatus/>
    </Item>
    <Item>
      <PriceUpdateTime>2025-02-09T10:23:29.000</PriceUpdateTime>
      <ItemCode>7290103702878</ItemCode>
      <LastSaleDateTime>2026-01-22T21:06:47.000</LastSaleDateTime>
      <ItemType>1</ItemType>
      <ItemName>מפיות עבות וחזקות 15</ItemName>
      <ManufactureName>לא ידוע</ManufactureName>
      <ManufactureCountry>לא ידוע</ManufactureCountry>
      <ManufactureItemDescription>מפיות עבות וחזקות 15</ManufactureItemDescription>
      <UnitQty>לא ידוע</UnitQty>
      <Quantity>1.00</Quantity>
      <UnitOfMeasure>יח'</UnitOfMeasure>
      <bIsWeighted>0</bIsWeighted>
      <QtyInPackage>לא ידוע</QtyInPackage>
      <ItemPrice>7.80</ItemPrice>
      <UnitOfMeasurePrice>7.80</UnitOfMeasurePrice>
      <AllowDiscount>1</AllowDiscount>
      <ItemStatus/>
    </Item>
    <Item>
      <PriceUpdateTime>2025-02-09T10:23:53.000</PriceUpdateTime>
      <ItemCode>7290015899352</ItemCode>
      <LastSaleDateTime>2026-01-22T15:53:40.000</LastSaleDateTime>
      <ItemType>1</ItemType>
      <ItemName>מבשם כביסה כחול רמי</ItemName>
      <ManufactureName>רמי לוי</ManufactureName>
      <ManufactureCountry>ישראל</ManufactureCountry>
      <ManufactureItemDescription>מבשם כביסה כחול רמי</ManufactureItemDescription>
      <UnitQty>לא ידוע</UnitQty>
      <Quantity>500.00</Quantity>
      <UnitOfMeasure>100 מ"ל</UnitOfMeasure>
      <bIsWeighted>0</bIsWeighted>
      <QtyInPackage>לא ידוע</QtyInPackage>
      <ItemPrice>12.90</ItemPrice>
      <UnitOfMeasurePrice>0.03</UnitOfMeasurePrice>
      <AllowDiscount>1</AllowDiscount>
      <ItemStatus/>
    </Item>
    <Item>
      <PriceUpdateTime>2025-02-09T10:23:53.000</PriceUpdateTime>
      <ItemCode>7290016255324</ItemCode>
      <LastSaleDateTime>2026-01-29T10:48:26.000</LastSaleDateTime>
      <ItemType>1</ItemType>
      <ItemName>פותח סתימות 1לי רמי</ItemName>
      <ManufactureName>לא ידוע</ManufactureName>
      <ManufactureCountry>לא ידוע</ManufactureCountry>
      <ManufactureItemDescription>פותח סתימות 1לי רמי</ManufactureItemDescription>
      <UnitQty>לא ידוע</UnitQty>
      <Quantity>1.00</Quantity>
      <UnitOfMeasure>יח'</UnitOfMeasure>
      <bIsWeighted>0</bIsWeighted>
      <QtyInPackage>לא ידוע</QtyInPackage>
      <ItemPrice>14.90</ItemPrice>
      <UnitOfMeasurePrice>14.90</UnitOfMeasurePrice>
      <AllowDiscount>1</AllowDiscount>
      <ItemStatus/>
    </Item>
    <Item>
      <PriceUpdateTime>2025-02-09T10:23:53.000</PriceUpdateTime>
      <ItemCode>7290016601015</ItemCode>
      <LastSaleDateTime>2026-01-29T17:56:19.000</LastSaleDateTime>
      <ItemType>1</ItemType>
      <ItemName>מים מזוקקים 4 לי רמי</ItemName>
      <ManufactureName>סאסאטק</ManufactureName>
      <ManufactureCountry>לא ידוע</ManufactureCountry>
      <ManufactureItemDescription>מים מזוקקים 4 לי רמי</ManufactureItemDescription>
      <UnitQty>ליטר</UnitQty>
      <Quantity>4.00</Quantity>
      <UnitOfMeasure>ליטר    </UnitOfMeasure>
      <bIsWeighted>0</bIsWeighted>
      <QtyInPackage>לא ידוע</QtyInPackage>
      <ItemPrice>10.90</ItemPrice>
      <UnitOfMeasurePrice>2.73</UnitOfMeasurePrice>
      <AllowDiscount>1</AllowDiscount>
      <ItemStatus/>
    </Item>
    <Item>
      <PriceUpdateTime>2025-02-09T10:23:53.000</PriceUpdateTime>
      <ItemCode>7290016601473</ItemCode>
      <LastSaleDateTime>2026-01-28T17:28:10.000</LastSaleDateTime>
      <ItemType>1</ItemType>
      <ItemName>נוזל רצפות רמי לוי 2</ItemName>
      <ManufactureName>לא ידוע</ManufactureName>
      <ManufactureCountry>לא ידוע</ManufactureCountry>
      <ManufactureItemDescription>נוזל רצפות רמי לוי 2</ManufactureItemDescription>
      <UnitQty>ליטר</UnitQty>
      <Quantity>2.00</Quantity>
      <UnitOfMeasure>ליטר    </UnitOfMeasure>
      <bIsWeighted>0</bIsWeighted>
      <QtyInPackage>לא ידוע</QtyInPackage>
      <ItemPrice>9.90</ItemPrice>
      <UnitOfMeasurePrice>4.95</UnitOfMeasurePrice>
      <AllowDiscount>1</AllowDiscount>
      <ItemStatus/>
    </Item>
    <Item>
      <PriceUpdateTime>2025-02-12T09:20:18.000</PriceUpdateTime>
      <ItemCode>7290014455467</ItemCode>
      <LastSaleDateTime>2026-01-29T15:20:37.000</LastSaleDateTime>
      <ItemType>1</ItemType>
      <ItemName>מעדן שיבולת שועל 150</ItemName>
      <ManufactureName>מחלבות גד</ManufactureName>
      <ManufactureCountry>לא ידוע</ManufactureCountry>
      <ManufactureItemDescription>מעדן שיבולת שועל 150</ManufactureItemDescription>
      <UnitQty>לא ידוע</UnitQty>
      <Quantity>150.00</Quantity>
      <UnitOfMeasure>100 מ"ל</UnitOfMeasure>
      <bIsWeighted>0</bIsWeighted>
      <QtyInPackage>לא ידוע</QtyInPackage>
      <ItemPrice>6.20</ItemPrice>
      <UnitOfMeasurePrice>0.04</UnitOfMeasurePrice>
      <AllowDiscount>1</AllowDiscount>
      <ItemStatus/>
    </Item>
    <Item>
      <PriceUpdateTime>2025-02-12T09:20:58.000</PriceUpdateTime>
      <ItemCode>7290015282598</ItemCode>
      <LastSaleDateTime>2026-01-29T14:08:48.000</LastSaleDateTime>
      <ItemType>1</ItemType>
      <ItemName>חומוס מסעדות 200גר</ItemName>
      <ManufactureName>לא ידוע</ManufactureName>
      <ManufactureCountry>לא ידוע</ManufactureCountry>
      <ManufactureItemDescription>חומוס מסעדות 200גר</ManufactureItemDescription>
      <UnitQty>גרם</UnitQty>
      <Quantity>200.00</Quantity>
      <UnitOfMeasure>100 גרם</UnitOfMeasure>
      <bIsWeighted>0</bIsWeighted>
      <QtyInPackage>לא ידוע</QtyInPackage>
      <ItemPrice>10.90</ItemPrice>
      <UnitOfMeasurePrice>5.45</UnitOfMeasurePrice>
      <AllowDiscount>1</AllowDiscount>
      <ItemStatus/>
    </Item>
    <Item>
      <PriceUpdateTime>2025-02-12T09:20:58.000</PriceUpdateTime>
      <ItemCode>7290015282642</ItemCode>
      <LastSaleDateTime>2026-01-28T15:13:55.000</LastSaleDateTime>
      <ItemType>1</ItemType>
      <ItemName>חומוס אבו גוש 200גר</ItemName>
      <ManufactureName>לא ידוע</ManufactureName>
      <ManufactureCountry>לא ידוע</ManufactureCountry>
      <ManufactureItemDescription>חומוס אבו גוש 200גר</ManufactureItemDescription>
      <UnitQty>גרם</UnitQty>
      <Quantity>200.00</Quantity>
      <UnitOfMeasure>100 גרם</UnitOfMeasure>
      <bIsWeighted>0</bIsWeighted>
      <QtyInPackage>לא ידוע</QtyInPackage>
      <ItemPrice>10.90</ItemPrice>
      <UnitOfMeasurePrice>5.45</UnitOfMeasurePrice>
      <AllowDiscount>1</AllowDiscount>
      <ItemStatus/>
    </Item>
    <Item>
      <PriceUpdateTime>2025-02-12T09:21:14.000</PriceUpdateTime>
      <ItemCode>7290107950190</ItemCode>
      <LastSaleDateTime>2026-01-29T14:51:11.000</LastSaleDateTime>
      <ItemType>1</ItemType>
      <ItemName>מעדן שטראוס דיאט שוק</ItemName>
      <ManufactureName>שטראוס</ManufactureName>
      <ManufactureCountry>לא ידוע</ManufactureCountry>
      <ManufactureItemDescription>מעדן שטראוס דיאט שוק</ManufactureItemDescription>
      <UnitQty>גרם</UnitQty>
      <Quantity>130.00</Quantity>
      <UnitOfMeasure>100 גרם</UnitOfMeasure>
      <bIsWeighted>0</bIsWeighted>
      <QtyInPackage>לא ידוע</QtyInPackage>
      <ItemPrice>3.40</ItemPrice>
      <UnitOfMeasurePrice>2.62</UnitOfMeasurePrice>
      <AllowDiscount>1</AllowDiscount>
      <ItemStatus/>
    </Item>
    <Item>
      <PriceUpdateTime>2025-02-12T09:21:14.000</PriceUpdateTime>
      <ItemCode>7290110555146</ItemCode>
      <LastSaleDateTime>2026-01-29T19:51:42.000</LastSaleDateTime>
      <ItemType>1</ItemType>
      <ItemName>מעדן הגולן מוקה 125</ItemName>
      <ManufactureName>לא ידוע</ManufactureName>
      <ManufactureCountry>לא ידוע</ManufactureCountry>
      <ManufactureItemDescription>מעדן הגולן מוקה 125</ManufactureItemDescription>
      <UnitQty>גרם</UnitQty>
      <Quantity>125.00</Quantity>
      <UnitOfMeasure>100 גרם</UnitOfMeasure>
      <bIsWeighted>0</bIsWeighted>
      <QtyInPackage>לא ידוע</QtyInPackage>
      <ItemPrice>2.90</ItemPrice>
      <UnitOfMeasurePrice>2.32</UnitOfMeasurePrice>
      <AllowDiscount>1</AllowDiscount>
      <ItemStatus/>
    </Item>
    <Item>
      <PriceUpdateTime>2025-02-12T09:21:56.000</PriceUpdateTime>
      <ItemCode>7290116934242</ItemCode>
      <LastSaleDateTime>2026-01-29T18:54:49.000</LastSaleDateTime>
      <ItemType>1</ItemType>
      <ItemName>ג'לי תנובה אננס</ItemName>
      <ManufactureName>לא ידוע</ManufactureName>
      <ManufactureCountry>לא ידוע</ManufactureCountry>
      <ManufactureItemDescription>ג'לי תנובה אננס</ManufactureItemDescription>
      <UnitQty>לא ידוע</UnitQty>
      <Quantity>125.00</Quantity>
      <UnitOfMeasure>100 מ"ל</UnitOfMeasure>
      <bIsWeighted>0</bIsWeighted>
      <QtyInPackage>לא ידוע</QtyInPackage>
      <ItemPrice>2.50</ItemPrice>
      <UnitOfMeasurePrice>0.02</UnitOfMeasurePrice>
      <AllowDiscount>1</AllowDiscount>
      <ItemStatus/>
    </Item>
    <Item>
      <PriceUpdateTime>2025-02-12T09:22:21.000</PriceUpdateTime>
      <ItemCode>7290012227783</ItemCode>
      <LastSaleDateTime>2026-01-29T18:30:07.000</LastSaleDateTime>
      <ItemType>1</ItemType>
      <ItemName>תה מעושן 400ג מחפוד</ItemName>
      <ManufactureName>זוגלובק</ManufactureName>
      <ManufactureCountry>לא ידוע</ManufactureCountry>
      <ManufactureItemDescription>תה מעושן 400ג מחפוד</ManufactureItemDescription>
      <UnitQty>גרם</UnitQty>
      <Quantity>400.00</Quantity>
      <UnitOfMeasure>100 גרם</UnitOfMeasure>
      <bIsWeighted>0</bIsWeighted>
      <QtyInPackage>לא ידוע</QtyInPackage>
      <ItemPrice>17.90</ItemPrice>
      <UnitOfMeasurePrice>4.47</UnitOfMeasurePrice>
      <AllowDiscount>1</AllowDiscount>
      <ItemStatus/>
    </Item>
    <Item>
      <PriceUpdateTime>2025-02-12T09:25:57.000</PriceUpdateTime>
      <ItemCode>7290106573642</ItemCode>
      <LastSaleDateTime>2026-01-22T17:32:47.000</LastSaleDateTime>
      <ItemType>1</ItemType>
      <ItemName>חומוס צנובר צבר 400</ItemName>
      <ManufactureName>צבר</ManufactureName>
      <ManufactureCountry>לא ידוע</ManufactureCountry>
      <ManufactureItemDescription>חומוס צנובר צבר 400</ManufactureItemDescription>
      <UnitQty>גרם</UnitQty>
      <Quantity>400.00</Quantity>
      <UnitOfMeasure>100 גרם</UnitOfMeasure>
      <bIsWeighted>0</bIsWeighted>
      <QtyInPackage>לא ידוע</QtyInPackage>
      <ItemPrice>11.90</ItemPrice>
      <UnitOfMeasurePrice>2.98</UnitOfMeasurePrice>
      <AllowDiscount>1</AllowDiscount>
      <ItemStatus/>
    </Item>
    <Item>
      <PriceUpdateTime>2025-02-12T09:28:13.000</PriceUpdateTime>
      <ItemCode>7290003726141</ItemCode>
      <LastSaleDateTime>2026-01-28T18:19:01.000</LastSaleDateTime>
      <ItemType>1</ItemType>
      <ItemName>טופו אמיתי כפרי בריא</ItemName>
      <ManufactureName>מחלבות גד</ManufactureName>
      <ManufactureCountry>לא ידוע</ManufactureCountry>
      <ManufactureItemDescription>טופו אמיתי כפרי בריא</ManufactureItemDescription>
      <UnitQty>גרם</UnitQty>
      <Quantity>300.00</Quantity>
      <UnitOfMeasure>100 גרם</UnitOfMeasure>
      <bIsWeighted>0</bIsWeighted>
      <QtyInPackage>לא ידוע</QtyInPackage>
      <ItemPrice>11.90</ItemPrice>
      <UnitOfMeasurePrice>3.97</UnitOfMeasurePrice>
      <AllowDiscount>1</AllowDiscount>
      <ItemStatus/>
    </Item>
    <Item>
      <PriceUpdateTime>2025-02-12T09:35:19.000</PriceUpdateTime>
      <ItemCode>7290002253167</ItemCode>
      <LastSaleDateTime>2026-01-29T16:02:25.000</LastSaleDateTime>
      <ItemType>1</ItemType>
      <ItemName>פטרוזיליה קצוצה דורו</ItemName>
      <ManufactureName>דורות</ManufactureName>
      <ManufactureCountry>לא ידוע</ManufactureCountry>
      <ManufactureItemDescription>פטרוזיליה קצוצה דורו</ManufactureItemDescription>
      <UnitQty>גרם</UnitQty>
      <Quantity>70.00</Quantity>
      <UnitOfMeasure>100 גרם</UnitOfMeasure>
      <bIsWeighted>0</bIsWeighted>
      <QtyInPackage>לא ידוע</QtyInPackage>
      <ItemPrice>9.50</ItemPrice>
      <UnitOfMeasurePrice>13.57</UnitOfMeasurePrice>
      <AllowDiscount>1</AllowDiscount>
      <ItemStatus/>
    </Item>
    <Item>
      <PriceUpdateTime>2025-02-12T09:35:19.000</PriceUpdateTime>
      <ItemCode>7290002253235</ItemCode>
      <LastSaleDateTime>2026-01-22T15:44:27.000</LastSaleDateTime>
      <ItemType>1</ItemType>
      <ItemName>דורות רוטב פסטו 160ג</ItemName>
      <ManufactureName>אסם</ManufactureName>
      <ManufactureCountry>לא ידוע</ManufactureCountry>
      <ManufactureItemDescription>דורות רוטב פסטו 160ג</ManufactureItemDescription>
      <UnitQty>גרם</UnitQty>
      <Quantity>160.00</Quantity>
      <UnitOfMeasure>100 גרם</UnitOfMeasure>
      <bIsWeighted>0</bIsWeighted>
      <QtyInPackage>לא ידוע</QtyInPackage>
      <ItemPrice>10.90</ItemPrice>
      <UnitOfMeasurePrice>6.81</UnitOfMeasurePrice>
      <AllowDiscount>1</AllowDiscount>
      <ItemStatus/>
    </Item>
    <Item>
      <PriceUpdateTime>2025-02-12T09:36:57.000</PriceUpdateTime>
      <ItemCode>7290001552049</ItemCode>
      <LastSaleDateTime>2026-01-29T21:20:03.000</LastSaleDateTime>
      <ItemType>1</ItemType>
      <ItemName>קוסקוס אמא 800גר</ItemName>
      <ManufactureName>לא ידוע</ManufactureName>
      <ManufactureCountry>לא ידוע</ManufactureCountry>
      <ManufactureItemDescription>קוסקוס אמא 800גר</ManufactureItemDescription>
      <UnitQty>גרם</UnitQty>
      <Quantity>800.00</Quantity>
      <UnitOfMeasure>100 גרם</UnitOfMeasure>
      <bIsWeighted>0</bIsWeighted>
      <QtyInPackage>לא ידוע</QtyInPackage>
      <ItemPrice>15.00</ItemPrice>
      <UnitOfMeasurePrice>1.88</UnitOfMeasurePrice>
      <AllowDiscount>1</AllowDiscount>
      <ItemStatus/>
    </Item>
    <Item>
      <PriceUpdateTime>2025-02-12T09:40:19.000</PriceUpdateTime>
      <ItemCode>7290000104676</ItemCode>
      <LastSaleDateTime>2026-01-22T17:29:13.000</LastSaleDateTime>
      <ItemType>1</ItemType>
      <ItemName>אפונת גינה סנפרוסט 8</ItemName>
      <ManufactureName>סנפרוסט</ManufactureName>
      <ManufactureCountry>ישראל</ManufactureCountry>
      <ManufactureItemDescription>אפונה גינה 20 יח 800 ג</ManufactureItemDescription>
      <UnitQty>גרם</UnitQty>
      <Quantity>800.00</Quantity>
      <UnitOfMeasure>100 גרם</UnitOfMeasure>
      <bIsWeighted>0</bIsWeighted>
      <QtyInPackage>לא ידוע</QtyInPackage>
      <ItemPrice>18.90</ItemPrice>
      <UnitOfMeasurePrice>2.36</UnitOfMeasurePrice>
      <AllowDiscount>1</AllowDiscount>
      <ItemStatus/>
    </Item>
    <Item>
      <PriceUpdateTime>2025-02-12T09:40:20.000</PriceUpdateTime>
      <ItemCode>7290000104881</ItemCode>
      <LastSaleDateTime>2026-01-22T17:34:52.000</LastSaleDateTime>
      <ItemType>1</ItemType>
      <ItemName>לקט אפונה וגזר סנפרו</ItemName>
      <ManufactureName>סנפרוסט</ManufactureName>
      <ManufactureCountry>ישראל</ManufactureCountry>
      <ManufactureItemDescription>לקט אפונה וגזר 13 יח 800</ManufactureItemDescription>
      <UnitQty>גרם</UnitQty>
      <Quantity>800.00</Quantity>
      <UnitOfMeasure>100 גרם</UnitOfMeasure>
      <bIsWeighted>0</bIsWeighted>
      <QtyInPackage>לא ידוע</QtyInPackage>
      <ItemPrice>19.90</ItemPrice>
      <UnitOfMeasurePrice>2.49</UnitOfMeasurePrice>
      <AllowDiscount>1</AllowDiscount>
      <ItemStatus/>
    </Item>
    <Item>
      <PriceUpdateTime>2025-02-12T09:45:43.000</PriceUpdateTime>
      <ItemCode>64144090020</ItemCode>
      <LastSaleDateTime>2026-01-22T19:51:26.000</LastSaleDateTime>
      <ItemType>1</ItemType>
      <ItemName>תרסיס שמן זית פאם 14</ItemName>
      <ManufactureName>פאם</ManufactureName>
      <ManufactureCountry>לא ידוע</ManufactureCountry>
      <ManufactureItemDescription>תרסיס שמן זית פאם 14</ManufactureItemDescription>
      <UnitQty>לא ידוע</UnitQty>
      <Quantity>141.00</Quantity>
      <UnitOfMeasure>100 מ"ל</UnitOfMeasure>
      <bIsWeighted>0</bIsWeighted>
      <QtyInPackage>לא ידוע</QtyInPackage>
      <ItemPrice>16.90</ItemPrice>
      <UnitOfMeasurePrice>0.12</UnitOfMeasurePrice>
      <AllowDiscount>1</AllowDiscount>
      <ItemStatus/>
    </Item>
    <Item>
      <PriceUpdateTime>2025-02-12T10:05:59.000</PriceUpdateTime>
      <ItemCode>7290015858229</ItemCode>
      <LastSaleDateTime>2026-01-22T21:57:25.000</LastSaleDateTime>
      <ItemType>1</ItemType>
      <ItemName>עללחם טפנד זיתי קלמט</ItemName>
      <ManufactureName>לא ידוע</ManufactureName>
      <ManufactureCountry>לא ידוע</ManufactureCountry>
      <ManufactureItemDescription>עללחם טפנד זיתי קלמט</ManufactureItemDescription>
      <UnitQty>גרם</UnitQty>
      <Quantity>180.00</Quantity>
      <UnitOfMeasure>100 גרם</UnitOfMeasure>
      <bIsWeighted>0</bIsWeighted>
      <QtyInPackage>לא ידוע</QtyInPackage>
      <ItemPrice>15.90</ItemPrice>
      <UnitOfMeasurePrice>8.83</UnitOfMeasurePrice>
      <AllowDiscount>1</AllowDiscount>
      <ItemStatus/>
    </Item>
    <Item>
      <PriceUpdateTime>2025-02-12T10:09:50.000</PriceUpdateTime>
      <ItemCode>8690531032377</ItemCode>
      <LastSaleDateTime>2026-01-29T17:51:03.000</LastSaleDateTime>
      <ItemType>1</ItemType>
      <ItemName>פלפלים צהובים חריפים</ItemName>
      <ManufactureName>לא ידוע</ManufactureName>
      <ManufactureCountry>לא ידוע</ManufactureCountry>
      <ManufactureItemDescription>פלפלים צהובים חריפים</ManufactureItemDescription>
      <UnitQty>גרם</UnitQty>
      <Quantity>180.00</Quantity>
      <UnitOfMeasure>100 גרם</UnitOfMeasure>
      <bIsWeighted>0</bIsWeighted>
      <QtyInPackage>לא ידוע</QtyInPackage>
      <ItemPrice>9.90</ItemPrice>
      <UnitOfMeasurePrice>5.50</UnitOfMeasurePrice>
      <AllowDiscount>1</AllowDiscount>
      <ItemStatus/>
    </Item>
    <Item>
      <PriceUpdateTime>2025-02-12T10:09:50.000</PriceUpdateTime>
      <ItemCode>7290003778034</ItemCode>
      <LastSaleDateTime>2026-01-29T18:41:53.000</LastSaleDateTime>
      <ItemType>1</ItemType>
      <ItemName>תמר כבוש ללא חרצנים</ItemName>
      <ManufactureName>שיוך למחסן 17</ManufactureName>
      <ManufactureCountry>לא ידוע</ManufactureCountry>
      <ManufactureItemDescription>תמר כבוש ללא חרצנים</ManufactureItemDescription>
      <UnitQty>גרם</UnitQty>
      <Quantity>500.00</Quantity>
      <UnitOfMeasure>100 גרם</UnitOfMeasure>
      <bIsWeighted>0</bIsWeighted>
      <QtyInPackage>לא ידוע</QtyInPackage>
      <ItemPrice>11.90</ItemPrice>
      <UnitOfMeasurePrice>2.38</UnitOfMeasurePrice>
      <AllowDiscount>1</AllowDiscount>
      <ItemStatus/>
    </Item>
    <Item>
      <PriceUpdateTime>2025-02-12T10:20:15.000</PriceUpdateTime>
      <ItemCode>7290012483608</ItemCode>
      <LastSaleDateTime>2026-01-22T17:47:28.000</LastSaleDateTime>
      <ItemType>1</ItemType>
      <ItemName>וילי פוד אורז בסמטי</ItemName>
      <ManufactureName>וילי פוד</ManufactureName>
      <ManufactureCountry>לא ידוע</ManufactureCountry>
      <ManufactureItemDescription>וילי פוד אורז בסמטי</ManufactureItemDescription>
      <UnitQty>לא ידוע</UnitQty>
      <Quantity>5.00</Quantity>
      <UnitOfMeasure>יח'</UnitOfMeasure>
      <bIsWeighted>0</bIsWeighted>
      <QtyInPackage>לא ידוע</QtyInPackage>
      <ItemPrice>58.90</ItemPrice>
      <UnitOfMeasurePrice>11.78</UnitOfMeasurePrice>
      <AllowDiscount>1</AllowDiscount>
      <ItemStatus/>
    </Item>
    <Item>
      <PriceUpdateTime>2025-02-12T10:20:15.000</PriceUpdateTime>
      <ItemCode>8901537076679</ItemCode>
      <LastSaleDateTime>2026-01-28T20:58:52.000</LastSaleDateTime>
      <ItemType>1</ItemType>
      <ItemName>אורז בסמטי חום מלא 1</ItemName>
      <ManufactureName>לא ידוע</ManufactureName>
      <ManufactureCountry>לא ידוע</ManufactureCountry>
      <ManufactureItemDescription>אורז בסמטי חום מלא 1</ManufactureItemDescription>
      <UnitQty>לא ידוע</UnitQty>
      <Quantity>1.00</Quantity>
      <UnitOfMeasure>יח'</UnitOfMeasure>
      <bIsWeighted>0</bIsWeighted>
      <QtyInPackage>לא ידוע</QtyInPackage>
      <ItemPrice>13.70</ItemPrice>
      <UnitOfMeasurePrice>13.70</UnitOfMeasurePrice>
      <AllowDiscount>1</AllowDiscount>
      <ItemStatus/>
    </Item>
    <Item>
      <PriceUpdateTime>2025-02-12T10:22:24.000</PriceUpdateTime>
      <ItemCode>7290019644279</ItemCode>
      <LastSaleDateTime>2026-01-22T20:09:05.000</LastSaleDateTime>
      <ItemType>1</ItemType>
      <ItemName>גרנולה חלבה תמר רפאל</ItemName>
      <ManufactureName>לא ידוע</ManufactureName>
      <ManufactureCountry>לא ידוע</ManufactureCountry>
      <ManufactureItemDescription>גרנולה חלבה תמר רפאל</ManufactureItemDescription>
      <UnitQty>גרם</UnitQty>
      <Quantity>850.00</Quantity>
      <UnitOfMeasure>100 גרם</UnitOfMeasure>
      <bIsWeighted>0</bIsWeighted>
      <QtyInPackage>לא ידוע</QtyInPackage>
      <ItemPrice>21.90</ItemPrice>
      <UnitOfMeasurePrice>2.58</UnitOfMeasurePrice>
      <AllowDiscount>1</AllowDiscount>
      <ItemStatus/>
    </Item>
    <Item>
      <PriceUpdateTime>2025-02-12T10:26:26.000</PriceUpdateTime>
      <ItemCode>7290119049547</ItemCode>
      <LastSaleDateTime>2015-01-01T00:00:00.000</LastSaleDateTime>
      <ItemType>1</ItemType>
      <ItemName>עוגיות מעמול 450 גרם</ItemName>
      <ManufactureName>לא ידוע</ManufactureName>
      <ManufactureCountry>לא ידוע</ManufactureCountry>
      <ManufactureItemDescription>עוגיות מעמול 450 גרם</ManufactureItemDescription>
      <UnitQty>גרם</UnitQty>
      <Quantity>450.00</Quantity>
      <UnitOfMeasure>100 גרם</UnitOfMeasure>
      <bIsWeighted>0</bIsWeighted>
      <QtyInPackage>לא ידוע</QtyInPackage>
      <ItemPrice>17.90</ItemPrice>
      <UnitOfMeasurePrice>3.98</UnitOfMeasurePrice>
      <AllowDiscount>1</AllowDiscount>
      <ItemStatus>2</ItemStatus>
    </Item>
    <Item>
      <PriceUpdateTime>2025-02-12T10:26:26.000</PriceUpdateTime>
      <ItemCode>7290119049745</ItemCode>
      <LastSaleDateTime>2025-12-08T00:00:00.000</LastSaleDateTime>
      <ItemType>1</ItemType>
      <ItemName>אוזניות 450 ג דולצה</ItemName>
      <ManufactureName>לא ידוע</ManufactureName>
      <ManufactureCountry>לא ידוע</ManufactureCountry>
      <ManufactureItemDescription>אוזניות 450 ג דולצה</ManufactureItemDescription>
      <UnitQty>גרם</UnitQty>
      <Quantity>450.00</Quantity>
      <UnitOfMeasure>100 גרם</UnitOfMeasure>
      <bIsWeighted>0</bIsWeighted>
      <QtyInPackage>לא ידוע</QtyInPackage>
      <ItemPrice>17.90</ItemPrice>
      <UnitOfMeasurePrice>3.98</UnitOfMeasurePrice>
      <AllowDiscount>1</AllowDiscount>
      <ItemStatus/>
    </Item>
    <Item>
      <PriceUpdateTime>2025-02-12T10:26:26.000</PriceUpdateTime>
      <ItemCode>7290119049790</ItemCode>
      <LastSaleDateTime>2025-12-01T00:00:00.000</LastSaleDateTime>
      <ItemType>1</ItemType>
      <ItemName>עוגיות כתר ריבה 450</ItemName>
      <ManufactureName>לא ידוע</ManufactureName>
      <ManufactureCountry>לא ידוע</ManufactureCountry>
      <ManufactureItemDescription>עוגיות כתר ריבה 450</ManufactureItemDescription>
      <UnitQty>גרם</UnitQty>
      <Quantity>450.00</Quantity>
      <UnitOfMeasure>100 גרם</UnitOfMeasure>
      <bIsWeighted>0</bIsWeighted>
      <QtyInPackage>לא ידוע</QtyInPackage>
      <ItemPrice>17.90</ItemPrice>
      <UnitOfMeasurePrice>3.98</UnitOfMeasurePrice>
      <AllowDiscount>1</AllowDiscount>
      <ItemStatus/>
    </Item>
    <Item>
      <PriceUpdateTime>2025-02-12T10:26:26.000</PriceUpdateTime>
      <ItemCode>7290119049844</ItemCode>
      <LastSaleDateTime>2015-01-01T00:00:00.000</LastSaleDateTime>
      <ItemType>1</ItemType>
      <ItemName>עוגיות מיקס כתר ריבה</ItemName>
      <ManufactureName>לא ידוע</ManufactureName>
      <ManufactureCountry>לא ידוע</ManufactureCountry>
      <ManufactureItemDescription>עוגיות מיקס כתר ריבה</ManufactureItemDescription>
      <UnitQty>גרם</UnitQty>
      <Quantity>450.00</Quantity>
      <UnitOfMeasure>100 גרם</UnitOfMeasure>
      <bIsWeighted>0</bIsWeighted>
      <QtyInPackage>לא ידוע</QtyInPackage>
      <ItemPrice>17.90</ItemPrice>
      <UnitOfMeasurePrice>3.98</UnitOfMeasurePrice>
      <AllowDiscount>1</AllowDiscount>
      <ItemStatus>2</ItemStatus>
    </Item>
    <Item>
      <PriceUpdateTime>2025-02-12T10:26:59.000</PriceUpdateTime>
      <ItemCode>7290100681138</ItemCode>
      <LastSaleDateTime>2026-01-29T22:32:37.000</LastSaleDateTime>
      <ItemType>1</ItemType>
      <ItemName>חטיף אפרופו תירס אסם</ItemName>
      <ManufactureName>אסם</ManufactureName>
      <ManufactureCountry>לא ידוע</ManufactureCountry>
      <ManufactureItemDescription>חטיף אפרופו תירס אסם</ManufactureItemDescription>
      <UnitQty>גרם</UnitQty>
      <Quantity>150.00</Quantity>
      <UnitOfMeasure>100 גרם</UnitOfMeasure>
      <bIsWeighted>0</bIsWeighted>
      <QtyInPackage>לא ידוע</QtyInPackage>
      <ItemPrice>11.90</ItemPrice>
      <UnitOfMeasurePrice>7.93</UnitOfMeasurePrice>
      <AllowDiscount>1</AllowDiscount>
      <ItemStatus/>
    </Item>
    <Item>
      <PriceUpdateTime>2025-02-12T10:27:19.000</PriceUpdateTime>
      <ItemCode>7290008801522</ItemCode>
      <LastSaleDateTime>2026-01-29T15:46:23.000</LastSaleDateTime>
      <ItemType>1</ItemType>
      <ItemName>יין קונקורד קינג דיו</ItemName>
      <ManufactureName>כרמל מזרחי</ManufactureName>
      <ManufactureCountry>לא ידוע</ManufactureCountry>
      <ManufactureItemDescription>יין קונקורד קינג דיו</ManufactureItemDescription>
      <UnitQty>לא ידוע</UnitQty>
      <Quantity>750.00</Quantity>
      <UnitOfMeasure>100 מ"ל</UnitOfMeasure>
      <bIsWeighted>0</bIsWeighted>
      <QtyInPackage>לא ידוע</QtyInPackage>
      <ItemPrice>18.90</ItemPrice>
      <UnitOfMeasurePrice>0.03</UnitOfMeasurePrice>
      <AllowDiscount>1</AllowDiscount>
      <ItemStatus/>
    </Item>
    <Item>
      <PriceUpdateTime>2025-02-12T10:27:19.000</PriceUpdateTime>
      <ItemCode>7290008801546</ItemCode>
      <LastSaleDateTime>2026-01-19T17:30:24.000</LastSaleDateTime>
      <ItemType>1</ItemType>
      <ItemName>יין מוסקט מתוק קינג</ItemName>
      <ManufactureName>כרמל מזרחי</ManufactureName>
      <ManufactureCountry>לא ידוע</ManufactureCountry>
      <ManufactureItemDescription>יין מוסקט מתוק קינג</ManufactureItemDescription>
      <UnitQty>לא ידוע</UnitQty>
      <Quantity>750.00</Quantity>
      <UnitOfMeasure>100 מ"ל</UnitOfMeasure>
      <bIsWeighted>0</bIsWeighted>
      <QtyInPackage>לא ידוע</QtyInPackage>
      <ItemPrice>18.90</ItemPrice>
      <UnitOfMeasurePrice>0.03</UnitOfMeasurePrice>
      <AllowDiscount>1</AllowDiscount>
      <ItemStatus/>
    </Item>
    <Item>
      <PriceUpdateTime>2025-02-12T10:27:19.000</PriceUpdateTime>
      <ItemCode>7290018294000</ItemCode>
      <LastSaleDateTime>2026-01-28T18:02:47.000</LastSaleDateTime>
      <ItemType>1</ItemType>
      <ItemName>קינג דיוויד רוזה 750</ItemName>
      <ManufactureName>לא ידוע</ManufactureName>
      <ManufactureCountry>לא ידוע</ManufactureCountry>
      <ManufactureItemDescription>קינג דיוויד רוזה 750</ManufactureItemDescription>
      <UnitQty>לא ידוע</UnitQty>
      <Quantity>750.00</Quantity>
      <UnitOfMeasure>100 מ"ל</UnitOfMeasure>
      <bIsWeighted>0</bIsWeighted>
      <QtyInPackage>לא ידוע</QtyInPackage>
      <ItemPrice>18.90</ItemPrice>
      <UnitOfMeasurePrice>0.03</UnitOfMeasurePrice>
      <AllowDiscount>1</AllowDiscount>
      <ItemStatus/>
    </Item>
    <Item>
      <PriceUpdateTime>2025-02-12T10:27:42.000</PriceUpdateTime>
      <ItemCode>7290017289168</ItemCode>
      <LastSaleDateTime>2015-01-01T00:00:00.000</LastSaleDateTime>
      <ItemType>1</ItemType>
      <ItemName>אדום יבש סדרת ישראלי</ItemName>
      <ManufactureName>לא ידוע</ManufactureName>
      <ManufactureCountry>לא ידוע</ManufactureCountry>
      <ManufactureItemDescription>אדום יבש סדרת ישראלי</ManufactureItemDescription>
      <UnitQty>לא ידוע</UnitQty>
      <Quantity>750.00</Quantity>
      <UnitOfMeasure>100 מ"ל</UnitOfMeasure>
      <bIsWeighted>0</bIsWeighted>
      <QtyInPackage>לא ידוע</QtyInPackage>
      <ItemPrice>21.50</ItemPrice>
      <UnitOfMeasurePrice>0.03</UnitOfMeasurePrice>
      <AllowDiscount>1</AllowDiscount>
      <ItemStatus>2</ItemStatus>
    </Item>
    <Item>
      <PriceUpdateTime>2025-02-12T10:27:42.000</PriceUpdateTime>
      <ItemCode>7290017289168</ItemCode>
      <LastSaleDateTime>2015-01-01T00:00:00.000</LastSaleDateTime>
      <ItemType>1</ItemType>
      <ItemName>אדום יבש סדרת ישראלי</ItemName>
      <ManufactureName>לא ידוע</ManufactureName>
      <ManufactureCountry>לא ידוע</ManufactureCountry>
      <ManufactureItemDescription>אדום יבש סדרת ישראלי</ManufactureItemDescription>
      <UnitQty>לא ידוע</UnitQty>
      <Quantity>750.00</Quantity>
      <UnitOfMeasure>100 מ"ל</UnitOfMeasure>
      <bIsWeighted>0</bIsWeighted>
      <QtyInPackage>לא ידוע</QtyInPackage>
      <ItemPrice>21.50</ItemPrice>
      <UnitOfMeasurePrice>0.03</UnitOfMeasurePrice>
      <AllowDiscount>1</AllowDiscount>
      <ItemStatus/>
    </Item>
    <Item>
      <PriceUpdateTime>2025-02-12T10:27:42.000</PriceUpdateTime>
      <ItemCode>7290017289182</ItemCode>
      <LastSaleDateTime>2015-01-01T00:00:00.000</LastSaleDateTime>
      <ItemType>1</ItemType>
      <ItemName>לבן חצי יבש סדרת ישר</ItemName>
      <ManufactureName>לא ידוע</ManufactureName>
      <ManufactureCountry>לא ידוע</ManufactureCountry>
      <ManufactureItemDescription>לבן חצי יבש סדרת ישר</ManufactureItemDescription>
      <UnitQty>לא ידוע</UnitQty>
      <Quantity>750.00</Quantity>
      <UnitOfMeasure>100 מ"ל</UnitOfMeasure>
      <bIsWeighted>0</bIsWeighted>
      <QtyInPackage>לא ידוע</QtyInPackage>
      <ItemPrice>21.50</ItemPrice>
      <UnitOfMeasurePrice>0.03</UnitOfMeasurePrice>
      <AllowDiscount>1</AllowDiscount>
      <ItemStatus>2</ItemStatus>
    </Item>
    <Item>
      <PriceUpdateTime>2025-02-12T10:27:42.000</PriceUpdateTime>
      <ItemCode>7290017289182</ItemCode>
      <LastSaleDateTime>2015-01-01T00:00:00.000</LastSaleDateTime>
      <ItemType>1</ItemType>
      <ItemName>לבן חצי יבש סדרת ישר</ItemName>
      <ManufactureName>לא ידוע</ManufactureName>
      <ManufactureCountry>לא ידוע</ManufactureCountry>
      <ManufactureItemDescription>לבן חצי יבש סדרת ישר</ManufactureItemDescription>
      <UnitQty>לא ידוע</UnitQty>
      <Quantity>750.00</Quantity>
      <UnitOfMeasure>100 מ"ל</UnitOfMeasure>
      <bIsWeighted>0</bIsWeighted>
      <QtyInPackage>לא ידוע</QtyInPackage>
      <ItemPrice>21.50</ItemPrice>
      <UnitOfMeasurePrice>0.03</UnitOfMeasurePrice>
      <AllowDiscount>1</AllowDiscount>
      <ItemStatus/>
    </Item>
    <Item>
      <PriceUpdateTime>2025-02-12T10:27:43.000</PriceUpdateTime>
      <ItemCode>7290017289199</ItemCode>
      <LastSaleDateTime>2015-01-01T00:00:00.000</LastSaleDateTime>
      <ItemType>1</ItemType>
      <ItemName>לבן יבש סדרת ישראלי</ItemName>
      <ManufactureName>לא ידוע</ManufactureName>
      <ManufactureCountry>לא ידוע</ManufactureCountry>
      <ManufactureItemDescription>לבן יבש סדרת ישראלי</ManufactureItemDescription>
      <UnitQty>לא ידוע</UnitQty>
      <Quantity>750.00</Quantity>
      <UnitOfMeasure>100 מ"ל</UnitOfMeasure>
      <bIsWeighted>0</bIsWeighted>
      <QtyInPackage>לא ידוע</QtyInPackage>
      <ItemPrice>21.50</ItemPrice>
      <UnitOfMeasurePrice>0.03</UnitOfMeasurePrice>
      <AllowDiscount>1</AllowDiscount>
      <ItemStatus>2</ItemStatus>
    </Item>
    <Item>
      <PriceUpdateTime>2025-02-12T10:27:43.000</PriceUpdateTime>
      <ItemCode>7290017289199</ItemCode>
      <LastSaleDateTime>2015-01-01T00:00:00.000</LastSaleDateTime>
      <ItemType>1</ItemType>
      <ItemName>לבן יבש סדרת ישראלי</ItemName>
      <ManufactureName>לא ידוע</ManufactureName>
      <ManufactureCountry>לא ידוע</ManufactureCountry>
      <ManufactureItemDescription>לבן יבש סדרת ישראלי</ManufactureItemDescription>
      <UnitQty>לא ידוע</UnitQty>
      <Quantity>750.00</Quantity>
      <UnitOfMeasure>100 מ"ל</UnitOfMeasure>
      <bIsWeighted>0</bIsWeighted>
      <QtyInPackage>לא ידוע</QtyInPackage>
      <ItemPrice>21.50</ItemPrice>
      <UnitOfMeasurePrice>0.03</UnitOfMeasurePrice>
      <AllowDiscount>1</AllowDiscount>
      <ItemStatus/>
    </Item>
    <Item>
      <PriceUpdateTime>2025-02-12T10:28:43.000</PriceUpdateTime>
      <ItemCode>7290006256089</ItemCode>
      <LastSaleDateTime>2026-01-13T21:19:31.000</LastSaleDateTime>
      <ItemType>1</ItemType>
      <ItemName>יין אדום קברנה סובינ</ItemName>
      <ManufactureName>יקבי הר מרון</ManufactureName>
      <ManufactureCountry>לא ידוע</ManufactureCountry>
      <ManufactureItemDescription>יין אדום קברנה סובינ</ManufactureItemDescription>
      <UnitQty>לא ידוע</UnitQty>
      <Quantity>750.00</Quantity>
      <UnitOfMeasure>100 מ"ל</UnitOfMeasure>
      <bIsWeighted>0</bIsWeighted>
      <QtyInPackage>לא ידוע</QtyInPackage>
      <ItemPrice>35.90</ItemPrice>
      <UnitOfMeasurePrice>0.05</UnitOfMeasurePrice>
      <AllowDiscount>1</AllowDiscount>
      <ItemStatus/>
    </Item>
    <Item>
      <PriceUpdateTime>2025-02-12T10:28:52.000</PriceUpdateTime>
      <ItemCode>7290004030100</ItemCode>
      <LastSaleDateTime>2026-01-29T20:32:12.000</LastSaleDateTime>
      <ItemType>1</ItemType>
      <ItemName>פריניב מיץ תפוזים ול</ItemName>
      <ManufactureName>לא ידוע</ManufactureName>
      <ManufactureCountry>לא ידוע</ManufactureCountry>
      <ManufactureItemDescription>פריניב מיץ תפוזים ול</ManufactureItemDescription>
      <UnitQty>ליטר</UnitQty>
      <Quantity>1.00</Quantity>
      <UnitOfMeasure>ליטר    </UnitOfMeasure>
      <bIsWeighted>0</bIsWeighted>
      <QtyInPackage>לא ידוע</QtyInPackage>
      <ItemPrice>15.90</ItemPrice>
      <UnitOfMeasurePrice>15.90</UnitOfMeasurePrice>
      <AllowDiscount>1</AllowDiscount>
      <ItemStatus/>
    </Item>
    <Item>
      <PriceUpdateTime>2025-02-12T10:28:52.000</PriceUpdateTime>
      <ItemCode>7290004030445</ItemCode>
      <LastSaleDateTime>2026-01-28T13:13:29.000</LastSaleDateTime>
      <ItemType>1</ItemType>
      <ItemName>פריניב מיץ תפוזים 1</ItemName>
      <ManufactureName>פרי ניב</ManufactureName>
      <ManufactureCountry>לא ידוע</ManufactureCountry>
      <ManufactureItemDescription>פריניב מיץ תפוזים 1</ManufactureItemDescription>
      <UnitQty>ליטר</UnitQty>
      <Quantity>1.00</Quantity>
      <UnitOfMeasure>ליטר    </UnitOfMeasure>
      <bIsWeighted>0</bIsWeighted>
      <QtyInPackage>לא ידוע</QtyInPackage>
      <ItemPrice>14.90</ItemPrice>
      <UnitOfMeasurePrice>14.90</UnitOfMeasurePrice>
      <AllowDiscount>1</AllowDiscount>
      <ItemStatus/>
    </Item>
    <Item>
      <PriceUpdateTime>2025-02-12T10:30:15.000</PriceUpdateTime>
      <ItemCode>7290000286228</ItemCode>
      <LastSaleDateTime>2026-01-22T22:47:24.000</LastSaleDateTime>
      <ItemType>1</ItemType>
      <ItemName>כריות יפניות סנו סוש</ItemName>
      <ManufactureName>סנו</ManufactureName>
      <ManufactureCountry>לא ידוע</ManufactureCountry>
      <ManufactureItemDescription>כריות יפניות סנו סוש</ManufactureItemDescription>
      <UnitQty>לא ידוע</UnitQty>
      <Quantity>6.00</Quantity>
      <UnitOfMeasure>יח'</UnitOfMeasure>
      <bIsWeighted>0</bIsWeighted>
      <QtyInPackage>לא ידוע</QtyInPackage>
      <ItemPrice>9.90</ItemPrice>
      <UnitOfMeasurePrice>1.65</UnitOfMeasurePrice>
      <AllowDiscount>1</AllowDiscount>
      <ItemStatus/>
    </Item>
    <Item>
      <PriceUpdateTime>2025-02-12T10:30:15.000</PriceUpdateTime>
      <ItemCode>7290000291932</ItemCode>
      <LastSaleDateTime>2026-01-29T13:00:22.000</LastSaleDateTime>
      <ItemType>1</ItemType>
      <ItemName>סנובון נוזל לניקוי א</ItemName>
      <ManufactureName>סנו</ManufactureName>
      <ManufactureCountry>לא ידוע</ManufactureCountry>
      <ManufactureItemDescription>סנובון נוזל לניקוי א</ManufactureItemDescription>
      <UnitQty>לא ידוע</UnitQty>
      <Quantity>750.00</Quantity>
      <UnitOfMeasure>100 מ"ל</UnitOfMeasure>
      <bIsWeighted>0</bIsWeighted>
      <QtyInPackage>לא ידוע</QtyInPackage>
      <ItemPrice>8.90</ItemPrice>
      <UnitOfMeasurePrice>0.01</UnitOfMeasurePrice>
      <AllowDiscount>1</AllowDiscount>
      <ItemStatus/>
    </Item>
    <Item>
      <PriceUpdateTime>2025-02-12T10:30:16.000</PriceUpdateTime>
      <ItemCode>7290004731670</ItemCode>
      <LastSaleDateTime>2026-01-28T21:12:39.000</LastSaleDateTime>
      <ItemType>1</ItemType>
      <ItemName>מטהר אויר בניחוח לבנ</ItemName>
      <ManufactureName>סנו</ManufactureName>
      <ManufactureCountry>לא ידוע</ManufactureCountry>
      <ManufactureItemDescription>מטהר אויר בניחוח לבנ</ManufactureItemDescription>
      <UnitQty>לא ידוע</UnitQty>
      <Quantity>300.00</Quantity>
      <UnitOfMeasure>100 מ"ל</UnitOfMeasure>
      <bIsWeighted>0</bIsWeighted>
      <QtyInPackage>לא ידוע</QtyInPackage>
      <ItemPrice>9.90</ItemPrice>
      <UnitOfMeasurePrice>0.03</UnitOfMeasurePrice>
      <AllowDiscount>1</AllowDiscount>
      <ItemStatus/>
    </Item>
    <Item>
      <PriceUpdateTime>2025-02-12T10:30:16.000</PriceUpdateTime>
      <ItemCode>7290005425073</ItemCode>
      <LastSaleDateTime>2026-01-29T12:27:23.000</LastSaleDateTime>
      <ItemType>1</ItemType>
      <ItemName>מטהר אויר בניחוח יסמ</ItemName>
      <ManufactureName>סנו</ManufactureName>
      <ManufactureCountry>לא ידוע</ManufactureCountry>
      <ManufactureItemDescription>מטהר אויר בניחוח יסמ</ManufactureItemDescription>
      <UnitQty>לא ידוע</UnitQty>
      <Quantity>300.00</Quantity>
      <UnitOfMeasure>100 מ"ל</UnitOfMeasure>
      <bIsWeighted>0</bIsWeighted>
      <QtyInPackage>לא ידוע</QtyInPackage>
      <ItemPrice>9.90</ItemPrice>
      <UnitOfMeasurePrice>0.03</UnitOfMeasurePrice>
      <AllowDiscount>1</AllowDiscount>
      <ItemStatus/>
    </Item>
    <Item>
      <PriceUpdateTime>2025-02-12T10:30:17.000</PriceUpdateTime>
      <ItemCode>7290012117091</ItemCode>
      <LastSaleDateTime>2026-01-29T18:56:59.000</LastSaleDateTime>
      <ItemType>1</ItemType>
      <ItemName>מקסימה אבקת כביסה סנ</ItemName>
      <ManufactureName>סנו</ManufactureName>
      <ManufactureCountry>לא ידוע</ManufactureCountry>
      <ManufactureItemDescription>מקסימה אבקת כביסה סנ</ManufactureItemDescription>
      <UnitQty>קילוגרם</UnitQty>
      <Quantity>6.00</Quantity>
      <UnitOfMeasure>ק"ג     </UnitOfMeasure>
      <bIsWeighted>0</bIsWeighted>
      <QtyInPackage>לא ידוע</QtyInPackage>
      <ItemPrice>49.80</ItemPrice>
      <UnitOfMeasurePrice>8.30</UnitOfMeasurePrice>
      <AllowDiscount>1</AllowDiscount>
      <ItemStatus/>
    </Item>
    <Item>
      <PriceUpdateTime>2025-02-12T10:30:19.000</PriceUpdateTime>
      <ItemCode>7290107280020</ItemCode>
      <LastSaleDateTime>2026-01-22T13:13:33.000</LastSaleDateTime>
      <ItemType>1</ItemType>
      <ItemName>שלישיית מגבונים סנו</ItemName>
      <ManufactureName>סנו</ManufactureName>
      <ManufactureCountry>לא ידוע</ManufactureCountry>
      <ManufactureItemDescription>שלישיית מגבונים סנו</ManufactureItemDescription>
      <UnitQty>לא ידוע</UnitQty>
      <Quantity>3.00</Quantity>
      <UnitOfMeasure>יח'</UnitOfMeasure>
      <bIsWeighted>0</bIsWeighted>
      <QtyInPackage>לא ידוע</QtyInPackage>
      <ItemPrice>16.90</ItemPrice>
      <UnitOfMeasurePrice>5.63</UnitOfMeasurePrice>
      <AllowDiscount>1</AllowDiscount>
      <ItemStatus/>
    </Item>
    <Item>
      <PriceUpdateTime>2025-02-12T10:30:19.000</PriceUpdateTime>
      <ItemCode>7290101864127</ItemCode>
      <LastSaleDateTime>2026-01-29T16:36:39.000</LastSaleDateTime>
      <ItemType>1</ItemType>
      <ItemName>וניש קליה ספריי להסר</ItemName>
      <ManufactureName>קליה</ManufactureName>
      <ManufactureCountry>פולין</ManufactureCountry>
      <ManufactureItemDescription>Vanish Spray SOLO 750ml 1</ManufactureItemDescription>
      <UnitQty>לא ידוע</UnitQty>
      <Quantity>750.00</Quantity>
      <UnitOfMeasure>100 מ"ל</UnitOfMeasure>
      <bIsWeighted>0</bIsWeighted>
      <QtyInPackage>לא ידוע</QtyInPackage>
      <ItemPrice>18.50</ItemPrice>
      <UnitOfMeasurePrice>0.02</UnitOfMeasurePrice>
      <AllowDiscount>1</AllowDiscount>
      <ItemStatus/>
    </Item>
    <Item>
      <PriceUpdateTime>2025-02-12T10:30:19.000</PriceUpdateTime>
      <ItemCode>7290101869733</ItemCode>
      <LastSaleDateTime>2026-01-29T10:50:49.000</LastSaleDateTime>
      <ItemType>1</ItemType>
      <ItemName>פיניש ג'ל למדיח כלים</ItemName>
      <ManufactureName>פיניש</ManufactureName>
      <ManufactureCountry>פולין</ManufactureCountry>
      <ManufactureItemDescription>FINSH,IL,1000ml x 5LEM</ManufactureItemDescription>
      <UnitQty>ליטר</UnitQty>
      <Quantity>1.00</Quantity>
      <UnitOfMeasure>ליטר    </UnitOfMeasure>
      <bIsWeighted>0</bIsWeighted>
      <QtyInPackage>לא ידוע</QtyInPackage>
      <ItemPrice>39.90</ItemPrice>
      <UnitOfMeasurePrice>39.90</UnitOfMeasurePrice>
      <AllowDiscount>1</AllowDiscount>
      <ItemStatus/>
    </Item>
    <Item>
      <PriceUpdateTime>2025-02-12T10:30:20.000</PriceUpdateTime>
      <ItemCode>7290108351835</ItemCode>
      <LastSaleDateTime>2026-01-22T21:23:35.000</LastSaleDateTime>
      <ItemType>1</ItemType>
      <ItemName>מקסימה מרכך כביסה סנ</ItemName>
      <ManufactureName>לא ידוע</ManufactureName>
      <ManufactureCountry>לא ידוע</ManufactureCountry>
      <ManufactureItemDescription>מקסימה מרכך כביסה סנ</ManufactureItemDescription>
      <UnitQty>ליטר</UnitQty>
      <Quantity>4.00</Quantity>
      <UnitOfMeasure>ליטר    </UnitOfMeasure>
      <bIsWeighted>0</bIsWeighted>
      <QtyInPackage>לא ידוע</QtyInPackage>
      <ItemPrice>19.90</ItemPrice>
      <UnitOfMeasurePrice>4.97</UnitOfMeasurePrice>
      <AllowDiscount>1</AllowDiscount>
      <ItemStatus/>
    </Item>
    <Item>
      <PriceUpdateTime>2025-02-12T10:30:21.000</PriceUpdateTime>
      <ItemCode>7290109923512</ItemCode>
      <LastSaleDateTime>2026-01-22T18:47:47.000</LastSaleDateTime>
      <ItemType>1</ItemType>
      <ItemName>דורגול מרוכז למקלחון</ItemName>
      <ManufactureName>לא ידוע</ManufactureName>
      <ManufactureCountry>לא ידוע</ManufactureCountry>
      <ManufactureItemDescription>דורגול מרוכז למקלחון</ManufactureItemDescription>
      <UnitQty>לא ידוע</UnitQty>
      <Quantity>600.00</Quantity>
      <UnitOfMeasure>100 מ"ל</UnitOfMeasure>
      <bIsWeighted>0</bIsWeighted>
      <QtyInPackage>לא ידוע</QtyInPackage>
      <ItemPrice>27.90</ItemPrice>
      <UnitOfMeasurePrice>0.05</UnitOfMeasurePrice>
      <AllowDiscount>1</AllowDiscount>
      <ItemStatus/>
    </Item>
    <Item>
      <PriceUpdateTime>2025-02-12T10:30:21.000</PriceUpdateTime>
      <ItemCode>7290109923611</ItemCode>
      <LastSaleDateTime>2026-01-29T18:30:07.000</LastSaleDateTime>
      <ItemType>1</ItemType>
      <ItemName>דורגול לניקוי מכונת</ItemName>
      <ManufactureName>לא ידוע</ManufactureName>
      <ManufactureCountry>לא ידוע</ManufactureCountry>
      <ManufactureItemDescription>דורגול לניקוי מכונת</ManufactureItemDescription>
      <UnitQty>לא ידוע</UnitQty>
      <Quantity>500.00</Quantity>
      <UnitOfMeasure>100 מ"ל</UnitOfMeasure>
      <bIsWeighted>0</bIsWeighted>
      <QtyInPackage>לא ידוע</QtyInPackage>
      <ItemPrice>38.20</ItemPrice>
      <UnitOfMeasurePrice>0.08</UnitOfMeasurePrice>
      <AllowDiscount>1</AllowDiscount>
      <ItemStatus/>
    </Item>
    <Item>
      <PriceUpdateTime>2025-02-12T10:30:22.000</PriceUpdateTime>
      <ItemCode>7290112002136</ItemCode>
      <LastSaleDateTime>2026-01-22T16:17:27.000</LastSaleDateTime>
      <ItemType>1</ItemType>
      <ItemName>קולון ג'ל 4 ליטר כחו</ItemName>
      <ManufactureName>לא ידוע</ManufactureName>
      <ManufactureCountry>לא ידוע</ManufactureCountry>
      <ManufactureItemDescription>קולון ג'ל 4 ליטר כחו</ManufactureItemDescription>
      <UnitQty>לא ידוע</UnitQty>
      <Quantity>1.00</Quantity>
      <UnitOfMeasure>יח'</UnitOfMeasure>
      <bIsWeighted>0</bIsWeighted>
      <QtyInPackage>לא ידוע</QtyInPackage>
      <ItemPrice>38.90</ItemPrice>
      <UnitOfMeasurePrice>38.90</UnitOfMeasurePrice>
      <AllowDiscount>1</AllowDiscount>
      <ItemStatus/>
    </Item>
    <Item>
      <PriceUpdateTime>2025-02-12T10:30:22.000</PriceUpdateTime>
      <ItemCode>7290112002143</ItemCode>
      <LastSaleDateTime>2026-01-22T15:36:43.000</LastSaleDateTime>
      <ItemType>1</ItemType>
      <ItemName>קולון ג'ל 4לי ניחוח</ItemName>
      <ManufactureName>לא ידוע</ManufactureName>
      <ManufactureCountry>לא ידוע</ManufactureCountry>
      <ManufactureItemDescription>קולון ג'ל 4לי ניחוח</ManufactureItemDescription>
      <UnitQty>לא ידוע</UnitQty>
      <Quantity>1.00</Quantity>
      <UnitOfMeasure>יח'</UnitOfMeasure>
      <bIsWeighted>0</bIsWeighted>
      <QtyInPackage>לא ידוע</QtyInPackage>
      <ItemPrice>38.90</ItemPrice>
      <UnitOfMeasurePrice>38.90</UnitOfMeasurePrice>
      <AllowDiscount>1</AllowDiscount>
      <ItemStatus/>
    </Item>
    <Item>
      <PriceUpdateTime>2025-02-12T10:30:22.000</PriceUpdateTime>
      <ItemCode>7290109923772</ItemCode>
      <LastSaleDateTime>2026-01-28T10:35:52.000</LastSaleDateTime>
      <ItemType>1</ItemType>
      <ItemName>דורגול מטבח 5ב1 665</ItemName>
      <ManufactureName>לא ידוע</ManufactureName>
      <ManufactureCountry>לא ידוע</ManufactureCountry>
      <ManufactureItemDescription>דורגול מטבח 5ב1 665</ManufactureItemDescription>
      <UnitQty>לא ידוע</UnitQty>
      <Quantity>665.00</Quantity>
      <UnitOfMeasure>100 מ"ל</UnitOfMeasure>
      <bIsWeighted>0</bIsWeighted>
      <QtyInPackage>לא ידוע</QtyInPackage>
      <ItemPrice>27.90</ItemPrice>
      <UnitOfMeasurePrice>0.04</UnitOfMeasurePrice>
      <AllowDiscount>1</AllowDiscount>
      <ItemStatus/>
    </Item>
    <Item>
      <PriceUpdateTime>2025-02-12T10:30:23.000</PriceUpdateTime>
      <ItemCode>8410104039134</ItemCode>
      <LastSaleDateTime>2026-01-28T19:50:20.000</LastSaleDateTime>
      <ItemType>1</ItemType>
      <ItemName>פיניש מנקה מדיח כלים</ItemName>
      <ManufactureName>פיניש</ManufactureName>
      <ManufactureCountry>פולין</ManufactureCountry>
      <ManufactureItemDescription>FINISH MACHINE CLEAN. 12x</ManufactureItemDescription>
      <UnitQty>לא ידוע</UnitQty>
      <Quantity>250.00</Quantity>
      <UnitOfMeasure>100 מ"ל</UnitOfMeasure>
      <bIsWeighted>0</bIsWeighted>
      <QtyInPackage>לא ידוע</QtyInPackage>
      <ItemPrice>17.90</ItemPrice>
      <UnitOfMeasurePrice>0.07</UnitOfMeasurePrice>
      <AllowDiscount>1</AllowDiscount>
      <ItemStatus/>
    </Item>
    <Item>
      <PriceUpdateTime>2025-02-12T10:30:23.000</PriceUpdateTime>
      <ItemCode>7290112006011</ItemCode>
      <LastSaleDateTime>2026-01-22T16:34:38.000</LastSaleDateTime>
      <ItemType>1</ItemType>
      <ItemName>פיניש קפסולות אולטימ</ItemName>
      <ManufactureName>לא ידוע</ManufactureName>
      <ManufactureCountry>לא ידוע</ManufactureCountry>
      <ManufactureItemDescription>פיניש קפסולות אולטימ</ManufactureItemDescription>
      <UnitQty>יחידות</UnitQty>
      <Quantity>0.00</Quantity>
      <UnitOfMeasure>יחידה   </UnitOfMeasure>
      <bIsWeighted>0</bIsWeighted>
      <QtyInPackage>לא ידוע</QtyInPackage>
      <ItemPrice>64.90</ItemPrice>
      <UnitOfMeasurePrice>0.00</UnitOfMeasurePrice>
      <AllowDiscount>1</AllowDiscount>
      <ItemStatus/>
    </Item>
    <Item>
      <PriceUpdateTime>2025-02-12T10:30:38.000</PriceUpdateTime>
      <ItemCode>3574660115154</ItemCode>
      <LastSaleDateTime>2026-01-22T16:36:25.000</LastSaleDateTime>
      <ItemType>1</ItemType>
      <ItemName>טמפונים סופר אובה 32</ItemName>
      <ManufactureName>או בה</ManufactureName>
      <ManufactureCountry>לא ידוע</ManufactureCountry>
      <ManufactureItemDescription>טמפונים סופר אובה 32</ManufactureItemDescription>
      <UnitQty>לא ידוע</UnitQty>
      <Quantity>32.00</Quantity>
      <UnitOfMeasure>יח'</UnitOfMeasure>
      <bIsWeighted>0</bIsWeighted>
      <QtyInPackage>לא ידוע</QtyInPackage>
      <ItemPrice>19.90</ItemPrice>
      <UnitOfMeasurePrice>0.62</UnitOfMeasurePrice>
      <AllowDiscount>1</AllowDiscount>
      <ItemStatus/>
    </Item>
    <Item>
      <PriceUpdateTime>2025-02-12T10:30:38.000</PriceUpdateTime>
      <ItemCode>3574660571783</ItemCode>
      <LastSaleDateTime>2026-01-22T18:37:59.000</LastSaleDateTime>
      <ItemType>1</ItemType>
      <ItemName>מי פה ליסטרין קידס 5</ItemName>
      <ManufactureName>לא ידוע</ManufactureName>
      <ManufactureCountry>לא ידוע</ManufactureCountry>
      <ManufactureItemDescription>מי פה ליסטרין קידס 5</ManufactureItemDescription>
      <UnitQty>לא ידוע</UnitQty>
      <Quantity>500.00</Quantity>
      <UnitOfMeasure>100 מ"ל</UnitOfMeasure>
      <bIsWeighted>0</bIsWeighted>
      <QtyInPackage>לא ידוע</QtyInPackage>
      <ItemPrice>20.10</ItemPrice>
      <UnitOfMeasurePrice>0.04</UnitOfMeasurePrice>
      <AllowDiscount>1</AllowDiscount>
      <ItemStatus/>
    </Item>
    <Item>
      <PriceUpdateTime>2025-02-12T10:30:39.000</PriceUpdateTime>
      <ItemCode>3600542385107</ItemCode>
      <LastSaleDateTime>2026-01-29T19:10:55.000</LastSaleDateTime>
      <ItemType>1</ItemType>
      <ItemName>דאודורנט רול אינביזי</ItemName>
      <ManufactureName>לא ידוע</ManufactureName>
      <ManufactureCountry>לא ידוע</ManufactureCountry>
      <ManufactureItemDescription>דאודורנט רול אינביזי</ManufactureItemDescription>
      <UnitQty>לא ידוע</UnitQty>
      <Quantity>50.00</Quantity>
      <UnitOfMeasure>100 מ"ל</UnitOfMeasure>
      <bIsWeighted>0</bIsWeighted>
      <QtyInPackage>לא ידוע</QtyInPackage>
      <ItemPrice>13.90</ItemPrice>
      <UnitOfMeasurePrice>0.28</UnitOfMeasurePrice>
      <AllowDiscount>1</AllowDiscount>
      <ItemStatus/>
    </Item>
    <Item>
      <PriceUpdateTime>2025-02-12T10:30:43.000</PriceUpdateTime>
      <ItemCode>7290002768043</ItemCode>
      <LastSaleDateTime>2026-01-22T08:23:30.000</LastSaleDateTime>
      <ItemType>1</ItemType>
      <ItemName>מי פה תיאדנט 150 מ"ל</ItemName>
      <ManufactureName>תיאדנט</ManufactureName>
      <ManufactureCountry>לא ידוע</ManufactureCountry>
      <ManufactureItemDescription>מי פה תיאדנט 150 מ"ל</ManufactureItemDescription>
      <UnitQty>לא ידוע</UnitQty>
      <Quantity>150.00</Quantity>
      <UnitOfMeasure>100 מ"ל</UnitOfMeasure>
      <bIsWeighted>0</bIsWeighted>
      <QtyInPackage>לא ידוע</QtyInPackage>
      <ItemPrice>14.70</ItemPrice>
      <UnitOfMeasurePrice>0.10</UnitOfMeasurePrice>
      <AllowDiscount>1</AllowDiscount>
      <ItemStatus/>
    </Item>
    <Item>
      <PriceUpdateTime>2025-02-12T10:30:43.000</PriceUpdateTime>
      <ItemCode>7290000191645</ItemCode>
      <LastSaleDateTime>2026-01-22T14:41:57.000</LastSaleDateTime>
      <ItemType>1</ItemType>
      <ItemName>חיתולים האגיס ליטל ב</ItemName>
      <ManufactureName>האגיס</ManufactureName>
      <ManufactureCountry>לא ידוע</ManufactureCountry>
      <ManufactureItemDescription>חיתולים האגיס ליטל ב</ManufactureItemDescription>
      <UnitQty>לא ידוע</UnitQty>
      <Quantity>36.00</Quantity>
      <UnitOfMeasure>יח'</UnitOfMeasure>
      <bIsWeighted>0</bIsWeighted>
      <QtyInPackage>לא ידוע</QtyInPackage>
      <ItemPrice>28.90</ItemPrice>
      <UnitOfMeasurePrice>0.80</UnitOfMeasurePrice>
      <AllowDiscount>1</AllowDiscount>
      <ItemStatus/>
    </Item>
    <Item>
      <PriceUpdateTime>2025-02-12T10:30:43.000</PriceUpdateTime>
      <ItemCode>7290002782131</ItemCode>
      <LastSaleDateTime>2026-01-22T17:35:40.000</LastSaleDateTime>
      <ItemType>1</ItemType>
      <ItemName>דאודורנט ספריי מס' 1</ItemName>
      <ManufactureName>פנינה רוזנבלום</ManufactureName>
      <ManufactureCountry>לא ידוע</ManufactureCountry>
      <ManufactureItemDescription>דאודורנט ספריי מס' 1</ManufactureItemDescription>
      <UnitQty>לא ידוע</UnitQty>
      <Quantity>150.00</Quantity>
      <UnitOfMeasure>100 מ"ל</UnitOfMeasure>
      <bIsWeighted>0</bIsWeighted>
      <QtyInPackage>לא ידוע</QtyInPackage>
      <ItemPrice>24.90</ItemPrice>
      <UnitOfMeasurePrice>0.17</UnitOfMeasurePrice>
      <AllowDiscount>1</AllowDiscount>
      <ItemStatus/>
    </Item>
    <Item>
      <PriceUpdateTime>2025-02-12T10:30:44.000</PriceUpdateTime>
      <ItemCode>7290005427770</ItemCode>
      <LastSaleDateTime>2026-01-22T19:15:29.000</LastSaleDateTime>
      <ItemType>1</ItemType>
      <ItemName>קרם לחות לשיער לגבר</ItemName>
      <ManufactureName>קרמה</ManufactureName>
      <ManufactureCountry>לא ידוע</ManufactureCountry>
      <ManufactureItemDescription>קרם לחות לשיער לגבר</ManufactureItemDescription>
      <UnitQty>לא ידוע</UnitQty>
      <Quantity>400.00</Quantity>
      <UnitOfMeasure>100 מ"ל</UnitOfMeasure>
      <bIsWeighted>0</bIsWeighted>
      <QtyInPackage>לא ידוע</QtyInPackage>
      <ItemPrice>16.90</ItemPrice>
      <UnitOfMeasurePrice>0.04</UnitOfMeasurePrice>
      <AllowDiscount>1</AllowDiscount>
      <ItemStatus/>
    </Item>
    <Item>
      <PriceUpdateTime>2025-02-12T10:30:44.000</PriceUpdateTime>
      <ItemCode>7290003521395</ItemCode>
      <LastSaleDateTime>2026-01-29T22:32:37.000</LastSaleDateTime>
      <ItemType>1</ItemType>
      <ItemName>קמיל בלו אל סבון לתי</ItemName>
      <ManufactureName>ד"ר פישר</ManufactureName>
      <ManufactureCountry>ישראל</ManufactureCountry>
      <ManufactureItemDescription>קמיל בלו סנסיטיב אל סבון</ManufactureItemDescription>
      <UnitQty>ליטר</UnitQty>
      <Quantity>2.00</Quantity>
      <UnitOfMeasure>ליטר    </UnitOfMeasure>
      <bIsWeighted>0</bIsWeighted>
      <QtyInPackage>לא ידוע</QtyInPackage>
      <ItemPrice>39.90</ItemPrice>
      <UnitOfMeasurePrice>19.95</UnitOfMeasurePrice>
      <AllowDiscount>1</AllowDiscount>
      <ItemStatus/>
    </Item>
    <Item>
      <PriceUpdateTime>2025-02-12T10:30:47.000</PriceUpdateTime>
      <ItemCode>7290017088969</ItemCode>
      <LastSaleDateTime>2026-01-28T17:17:47.000</LastSaleDateTime>
      <ItemType>1</ItemType>
      <ItemName>חיתולי בייביסיטר ביי</ItemName>
      <ManufactureName>לא ידוע</ManufactureName>
      <ManufactureCountry>לא ידוע</ManufactureCountry>
      <ManufactureItemDescription>חיתולי בייביסיטר ביי</ManufactureItemDescription>
      <UnitQty>לא ידוע</UnitQty>
      <Quantity>1.00</Quantity>
      <UnitOfMeasure>יח'</UnitOfMeasure>
      <bIsWeighted>0</bIsWeighted>
      <QtyInPackage>לא ידוע</QtyInPackage>
      <ItemPrice>26.10</ItemPrice>
      <UnitOfMeasurePrice>26.10</UnitOfMeasurePrice>
      <AllowDiscount>1</AllowDiscount>
      <ItemStatus/>
    </Item>
    <Item>
      <PriceUpdateTime>2025-02-12T10:30:48.000</PriceUpdateTime>
      <ItemCode>7290104961878</ItemCode>
      <LastSaleDateTime>2026-01-22T14:09:11.000</LastSaleDateTime>
      <ItemType>1</ItemType>
      <ItemName>שמפו קרטין לשיער שעב</ItemName>
      <ManufactureName>נטורל</ManufactureName>
      <ManufactureCountry>לא ידוע</ManufactureCountry>
      <ManufactureItemDescription>שמפו קרטין לשיער שעב</ManufactureItemDescription>
      <UnitQty>לא ידוע</UnitQty>
      <Quantity>400.00</Quantity>
      <UnitOfMeasure>100 מ"ל</UnitOfMeasure>
      <bIsWeighted>0</bIsWeighted>
      <QtyInPackage>לא ידוע</QtyInPackage>
      <ItemPrice>29.90</ItemPrice>
      <UnitOfMeasurePrice>0.07</UnitOfMeasurePrice>
      <AllowDiscount>1</AllowDiscount>
      <ItemStatus/>
    </Item>
    <Item>
      <PriceUpdateTime>2025-02-12T10:30:48.000</PriceUpdateTime>
      <ItemCode>7290104961885</ItemCode>
      <LastSaleDateTime>2026-01-29T13:28:26.000</LastSaleDateTime>
      <ItemType>1</ItemType>
      <ItemName>מרכך קרטין לשיער שעב</ItemName>
      <ManufactureName>נטורל</ManufactureName>
      <ManufactureCountry>לא ידוע</ManufactureCountry>
      <ManufactureItemDescription>מרכך קרטין לשיער שעב</ManufactureItemDescription>
      <UnitQty>לא ידוע</UnitQty>
      <Quantity>400.00</Quantity>
      <UnitOfMeasure>100 מ"ל</UnitOfMeasure>
      <bIsWeighted>0</bIsWeighted>
      <QtyInPackage>לא ידוע</QtyInPackage>
      <ItemPrice>29.90</ItemPrice>
      <UnitOfMeasurePrice>0.07</UnitOfMeasurePrice>
      <AllowDiscount>1</AllowDiscount>
      <ItemStatus/>
    </Item>
    <Item>
      <PriceUpdateTime>2025-02-12T10:30:48.000</PriceUpdateTime>
      <ItemCode>7290104961892</ItemCode>
      <LastSaleDateTime>2026-01-28T16:32:13.000</LastSaleDateTime>
      <ItemType>1</ItemType>
      <ItemName>מסיכת קרטין לשיער שע</ItemName>
      <ManufactureName>נטורל</ManufactureName>
      <ManufactureCountry>לא ידוע</ManufactureCountry>
      <ManufactureItemDescription>מסיכת קרטין לשיער שע</ManufactureItemDescription>
      <UnitQty>לא ידוע</UnitQty>
      <Quantity>350.00</Quantity>
      <UnitOfMeasure>100 מ"ל</UnitOfMeasure>
      <bIsWeighted>0</bIsWeighted>
      <QtyInPackage>לא ידוע</QtyInPackage>
      <ItemPrice>39.90</ItemPrice>
      <UnitOfMeasurePrice>0.11</UnitOfMeasurePrice>
      <AllowDiscount>1</AllowDiscount>
      <ItemStatus/>
    </Item>
    <Item>
      <PriceUpdateTime>2025-02-12T10:30:48.000</PriceUpdateTime>
      <ItemCode>7290104962073</ItemCode>
      <LastSaleDateTime>2026-01-22T19:09:28.000</LastSaleDateTime>
      <ItemType>1</ItemType>
      <ItemName>דאו טיטניום גולד 180</ItemName>
      <ManufactureName>קרליין</ManufactureName>
      <ManufactureCountry>לא ידוע</ManufactureCountry>
      <ManufactureItemDescription>דאו טיטניום גולד 180</ManufactureItemDescription>
      <UnitQty>לא ידוע</UnitQty>
      <Quantity>180.00</Quantity>
      <UnitOfMeasure>100 מ"ל</UnitOfMeasure>
      <bIsWeighted>0</bIsWeighted>
      <QtyInPackage>לא ידוע</QtyInPackage>
      <ItemPrice>14.90</ItemPrice>
      <UnitOfMeasurePrice>0.08</UnitOfMeasurePrice>
      <AllowDiscount>1</AllowDiscount>
      <ItemStatus/>
    </Item>
    <Item>
      <PriceUpdateTime>2025-02-12T10:30:49.000</PriceUpdateTime>
      <ItemCode>7290108357707</ItemCode>
      <LastSaleDateTime>2026-01-29T22:52:38.000</LastSaleDateTime>
      <ItemType>1</ItemType>
      <ItemName>כיף שמפו לשיער רגיל</ItemName>
      <ManufactureName>לא ידוע</ManufactureName>
      <ManufactureCountry>לא ידוע</ManufactureCountry>
      <ManufactureItemDescription>כיף שמפו לשיער רגיל</ManufactureItemDescription>
      <UnitQty>לא ידוע</UnitQty>
      <Quantity>700.00</Quantity>
      <UnitOfMeasure>100 מ"ל</UnitOfMeasure>
      <bIsWeighted>0</bIsWeighted>
      <QtyInPackage>לא ידוע</QtyInPackage>
      <ItemPrice>9.90</ItemPrice>
      <UnitOfMeasurePrice>0.01</UnitOfMeasurePrice>
      <AllowDiscount>1</AllowDiscount>
      <ItemStatus/>
    </Item>
    <Item>
      <PriceUpdateTime>2025-02-12T10:30:49.000</PriceUpdateTime>
      <ItemCode>7290108357691</ItemCode>
      <LastSaleDateTime>2026-01-29T20:54:14.000</LastSaleDateTime>
      <ItemType>1</ItemType>
      <ItemName>כיף תחליב רחצה לעור</ItemName>
      <ManufactureName>לא ידוע</ManufactureName>
      <ManufactureCountry>לא ידוע</ManufactureCountry>
      <ManufactureItemDescription>כיף תחליב רחצה לעור</ManufactureItemDescription>
      <UnitQty>לא ידוע</UnitQty>
      <Quantity>700.00</Quantity>
      <UnitOfMeasure>100 מ"ל</UnitOfMeasure>
      <bIsWeighted>0</bIsWeighted>
      <QtyInPackage>לא ידוע</QtyInPackage>
      <ItemPrice>9.90</ItemPrice>
      <UnitOfMeasurePrice>0.01</UnitOfMeasurePrice>
      <AllowDiscount>1</AllowDiscount>
      <ItemStatus/>
    </Item>
    <Item>
      <PriceUpdateTime>2025-02-12T10:30:52.000</PriceUpdateTime>
      <ItemCode>8700216057417</ItemCode>
      <LastSaleDateTime>2026-01-29T12:25:56.000</LastSaleDateTime>
      <ItemType>1</ItemType>
      <ItemName>פנטן קרם לחות מוגברת</ItemName>
      <ManufactureName>לא ידוע</ManufactureName>
      <ManufactureCountry>לא ידוע</ManufactureCountry>
      <ManufactureItemDescription>פנטן קרם לחות מוגברת</ManufactureItemDescription>
      <UnitQty>לא ידוע</UnitQty>
      <Quantity>300.00</Quantity>
      <UnitOfMeasure>100 מ"ל</UnitOfMeasure>
      <bIsWeighted>0</bIsWeighted>
      <QtyInPackage>לא ידוע</QtyInPackage>
      <ItemPrice>14.90</ItemPrice>
      <UnitOfMeasurePrice>0.05</UnitOfMeasurePrice>
      <AllowDiscount>1</AllowDiscount>
      <ItemStatus/>
    </Item>
    <Item>
      <PriceUpdateTime>2025-02-12T12:32:37.000</PriceUpdateTime>
      <ItemCode>4054500115234</ItemCode>
      <LastSaleDateTime>2015-01-01T00:00:00.000</LastSaleDateTime>
      <ItemType>1</ItemType>
      <ItemName>בירה אורייך בהירה לא</ItemName>
      <ManufactureName>לא ידוע</ManufactureName>
      <ManufactureCountry>לא ידוע</ManufactureCountry>
      <ManufactureItemDescription>בירה אורייך בהירה לא</ManufactureItemDescription>
      <UnitQty>מטרים</UnitQty>
      <Quantity>500.00</Quantity>
      <UnitOfMeasure>100 מ'ל</UnitOfMeasure>
      <bIsWeighted>0</bIsWeighted>
      <QtyInPackage>לא ידוע</QtyInPackage>
      <ItemPrice>7.90</ItemPrice>
      <UnitOfMeasurePrice>0.02</UnitOfMeasurePrice>
      <AllowDiscount>1</AllowDiscount>
      <ItemStatus>2</ItemStatus>
    </Item>
    <Item>
      <PriceUpdateTime>2025-02-12T12:32:37.000</PriceUpdateTime>
      <ItemCode>4054500115234</ItemCode>
      <LastSaleDateTime>2015-01-01T00:00:00.000</LastSaleDateTime>
      <ItemType>1</ItemType>
      <ItemName>בירה אורייך בהירה לא</ItemName>
      <ManufactureName>לא ידוע</ManufactureName>
      <ManufactureCountry>לא ידוע</ManufactureCountry>
      <ManufactureItemDescription>בירה אורייך בהירה לא</ManufactureItemDescription>
      <UnitQty>מטרים</UnitQty>
      <Quantity>500.00</Quantity>
      <UnitOfMeasure>100 מ'ל</UnitOfMeasure>
      <bIsWeighted>0</bIsWeighted>
      <QtyInPackage>לא ידוע</QtyInPackage>
      <ItemPrice>7.90</ItemPrice>
      <UnitOfMeasurePrice>0.02</UnitOfMeasurePrice>
      <AllowDiscount>1</AllowDiscount>
      <ItemStatus/>
    </Item>
    <Item>
      <PriceUpdateTime>2025-02-13T08:30:07.000</PriceUpdateTime>
      <ItemCode>7290109580487</ItemCode>
      <LastSaleDateTime>2026-01-29T19:49:26.000</LastSaleDateTime>
      <ItemType>1</ItemType>
      <ItemName>נאגטס תירס 1קג</ItemName>
      <ManufactureName>לא ידוע</ManufactureName>
      <ManufactureCountry>לא ידוע</ManufactureCountry>
      <ManufactureItemDescription>נאגטס תירס 1קג</ManufactureItemDescription>
      <UnitQty>לא ידוע</UnitQty>
      <Quantity>1.00</Quantity>
      <UnitOfMeasure>יח'</UnitOfMeasure>
      <bIsWeighted>0</bIsWeighted>
      <QtyInPackage>לא ידוע</QtyInPackage>
      <ItemPrice>38.90</ItemPrice>
      <UnitOfMeasurePrice>38.90</UnitOfMeasurePrice>
      <AllowDiscount>1</AllowDiscount>
      <ItemStatus/>
    </Item>
    <Item>
      <PriceUpdateTime>2025-02-13T08:34:21.000</PriceUpdateTime>
      <ItemCode>7290108353259</ItemCode>
      <LastSaleDateTime>2026-01-22T21:50:12.000</LastSaleDateTime>
      <ItemType>1</ItemType>
      <ItemName>כייף שמפו ומרכך 700</ItemName>
      <ManufactureName>לא ידוע</ManufactureName>
      <ManufactureCountry>לא ידוע</ManufactureCountry>
      <ManufactureItemDescription>כייף שמפו ומרכך 700</ManufactureItemDescription>
      <UnitQty>לא ידוע</UnitQty>
      <Quantity>700.00</Quantity>
      <UnitOfMeasure>100 מ"ל</UnitOfMeasure>
      <bIsWeighted>0</bIsWeighted>
      <QtyInPackage>לא ידוע</QtyInPackage>
      <ItemPrice>9.90</ItemPrice>
      <UnitOfMeasurePrice>0.01</UnitOfMeasurePrice>
      <AllowDiscount>1</AllowDiscount>
      <ItemStatus/>
    </Item>
    <Item>
      <PriceUpdateTime>2025-02-13T16:43:20.000</PriceUpdateTime>
      <ItemCode>7290016136722</ItemCode>
      <LastSaleDateTime>2026-01-29T16:03:06.000</LastSaleDateTime>
      <ItemType>1</ItemType>
      <ItemName>פסטה פנה ללא גלוטן 3</ItemName>
      <ManufactureName>אורגרן הלס אנד ניצר</ManufactureName>
      <ManufactureCountry>אוסטרליה</ManufactureCountry>
      <ManufactureItemDescription>פסטה פנה ללא גלוטן 3</ManufactureItemDescription>
      <UnitQty>גרם</UnitQty>
      <Quantity>340.00</Quantity>
      <UnitOfMeasure>100 גרם</UnitOfMeasure>
      <bIsWeighted>0</bIsWeighted>
      <QtyInPackage>לא ידוע</QtyInPackage>
      <ItemPrice>13.90</ItemPrice>
      <UnitOfMeasurePrice>4.09</UnitOfMeasurePrice>
      <AllowDiscount>1</AllowDiscount>
      <ItemStatus/>
    </Item>
    <Item>
      <PriceUpdateTime>2025-02-16T15:29:20.000</PriceUpdateTime>
      <ItemCode>4640018993343</ItemCode>
      <LastSaleDateTime>2026-01-28T13:14:59.000</LastSaleDateTime>
      <ItemType>1</ItemType>
      <ItemName>פיניש קואנטום 312 גר</ItemName>
      <ManufactureName>לא ידוע</ManufactureName>
      <ManufactureCountry>לא ידוע</ManufactureCountry>
      <ManufactureItemDescription>פיניש קואנטום 312 גר</ManufactureItemDescription>
      <UnitQty>גרם</UnitQty>
      <Quantity>312.00</Quantity>
      <UnitOfMeasure>100 גרם</UnitOfMeasure>
      <bIsWeighted>0</bIsWeighted>
      <QtyInPackage>לא ידוע</QtyInPackage>
      <ItemPrice>39.90</ItemPrice>
      <UnitOfMeasurePrice>12.79</UnitOfMeasurePrice>
      <AllowDiscount>1</AllowDiscount>
      <ItemStatus/>
    </Item>
    <Item>
      <PriceUpdateTime>2025-02-18T13:08:42.000</PriceUpdateTime>
      <ItemCode>7290002973218</ItemCode>
      <LastSaleDateTime>2026-01-22T13:20:25.000</LastSaleDateTime>
      <ItemType>1</ItemType>
      <ItemName>גבינת פטה בסגנון יוו</ItemName>
      <ManufactureName>אברמנטו</ManufactureName>
      <ManufactureCountry>לא ידוע</ManufactureCountry>
      <ManufactureItemDescription>גבינת פטה בסגנון יוו</ManufactureItemDescription>
      <UnitQty>גרם</UnitQty>
      <Quantity>400.00</Quantity>
      <UnitOfMeasure>100 גרם</UnitOfMeasure>
      <bIsWeighted>0</bIsWeighted>
      <QtyInPackage>לא ידוע</QtyInPackage>
      <ItemPrice>17.90</ItemPrice>
      <UnitOfMeasurePrice>4.47</UnitOfMeasurePrice>
      <AllowDiscount>1</AllowDiscount>
      <ItemStatus/>
    </Item>
    <Item>
      <PriceUpdateTime>2025-02-20T09:24:26.000</PriceUpdateTime>
      <ItemCode>7290013531117</ItemCode>
      <LastSaleDateTime>2026-01-28T20:01:46.000</LastSaleDateTime>
      <ItemType>1</ItemType>
      <ItemName>רוטב פסטה לילדים 240</ItemName>
      <ManufactureName>יכין</ManufactureName>
      <ManufactureCountry>לא ידוע</ManufactureCountry>
      <ManufactureItemDescription>רוטב פסטה לילדים 240</ManufactureItemDescription>
      <UnitQty>גרם</UnitQty>
      <Quantity>240.00</Quantity>
      <UnitOfMeasure>100 גרם</UnitOfMeasure>
      <bIsWeighted>0</bIsWeighted>
      <QtyInPackage>לא ידוע</QtyInPackage>
      <ItemPrice>6.50</ItemPrice>
      <UnitOfMeasurePrice>2.71</UnitOfMeasurePrice>
      <AllowDiscount>1</AllowDiscount>
      <ItemStatus/>
    </Item>
    <Item>
      <PriceUpdateTime>2025-02-20T09:24:50.000</PriceUpdateTime>
      <ItemCode>7290013284181</ItemCode>
      <LastSaleDateTime>2026-01-22T13:24:51.000</LastSaleDateTime>
      <ItemType>1</ItemType>
      <ItemName>מלפפון בחומץ 10-12 2</ItemName>
      <ManufactureName>לא ידוע</ManufactureName>
      <ManufactureCountry>לא ידוע</ManufactureCountry>
      <ManufactureItemDescription>מלפפון בחומץ 10-12 2</ManufactureItemDescription>
      <UnitQty>גרם</UnitQty>
      <Quantity>290.00</Quantity>
      <UnitOfMeasure>100 גרם</UnitOfMeasure>
      <bIsWeighted>0</bIsWeighted>
      <QtyInPackage>לא ידוע</QtyInPackage>
      <ItemPrice>6.90</ItemPrice>
      <UnitOfMeasurePrice>2.38</UnitOfMeasurePrice>
      <AllowDiscount>1</AllowDiscount>
      <ItemStatus/>
    </Item>
    <Item>
      <PriceUpdateTime>2025-02-20T09:24:50.000</PriceUpdateTime>
      <ItemCode>7290013284310</ItemCode>
      <LastSaleDateTime>2026-01-29T19:22:04.000</LastSaleDateTime>
      <ItemType>1</ItemType>
      <ItemName>פרי ניר רוטב פסטה לי</ItemName>
      <ManufactureName>פרי ניב</ManufactureName>
      <ManufactureCountry>לא ידוע</ManufactureCountry>
      <ManufactureItemDescription>פרי ניר רוטב פסטה לי</ManufactureItemDescription>
      <UnitQty>גרם</UnitQty>
      <Quantity>240.00</Quantity>
      <UnitOfMeasure>100 גרם</UnitOfMeasure>
      <bIsWeighted>0</bIsWeighted>
      <QtyInPackage>לא ידוע</QtyInPackage>
      <ItemPrice>5.50</ItemPrice>
      <UnitOfMeasurePrice>2.29</UnitOfMeasurePrice>
      <AllowDiscount>1</AllowDiscount>
      <ItemStatus/>
    </Item>
    <Item>
      <PriceUpdateTime>2025-02-23T08:28:53.000</PriceUpdateTime>
      <ItemCode>728229123590</ItemCode>
      <LastSaleDateTime>2026-01-22T13:00:57.000</LastSaleDateTime>
      <ItemType>1</ItemType>
      <ItemName>טרה ירקות שורש בטעם</ItemName>
      <ManufactureName>טארה</ManufactureName>
      <ManufactureCountry>ישראל</ManufactureCountry>
      <ManufactureItemDescription>טרה מירקות אקזוטיים 110ג[</ManufactureItemDescription>
      <UnitQty>גרם</UnitQty>
      <Quantity>110.00</Quantity>
      <UnitOfMeasure>100 גרם</UnitOfMeasure>
      <bIsWeighted>0</bIsWeighted>
      <QtyInPackage>לא ידוע</QtyInPackage>
      <ItemPrice>22.50</ItemPrice>
      <UnitOfMeasurePrice>20.45</UnitOfMeasurePrice>
      <AllowDiscount>1</AllowDiscount>
      <ItemStatus/>
    </Item>
    <Item>
      <PriceUpdateTime>2025-02-23T08:29:03.000</PriceUpdateTime>
      <ItemCode>4011800000738</ItemCode>
      <LastSaleDateTime>2026-01-29T12:12:51.000</LastSaleDateTime>
      <ItemType>1</ItemType>
      <ItemName>קורני בייס קוקי קרם</ItemName>
      <ManufactureName>לא ידוע</ManufactureName>
      <ManufactureCountry>לא ידוע</ManufactureCountry>
      <ManufactureItemDescription>קורני בייס קוקי קרם</ManufactureItemDescription>
      <UnitQty>גרם</UnitQty>
      <Quantity>138.00</Quantity>
      <UnitOfMeasure>100 גרם</UnitOfMeasure>
      <bIsWeighted>0</bIsWeighted>
      <QtyInPackage>לא ידוע</QtyInPackage>
      <ItemPrice>14.90</ItemPrice>
      <UnitOfMeasurePrice>10.80</UnitOfMeasurePrice>
      <AllowDiscount>1</AllowDiscount>
      <ItemStatus/>
    </Item>
    <Item>
      <PriceUpdateTime>2025-02-24T13:23:14.000</PriceUpdateTime>
      <ItemCode>7290000484747</ItemCode>
      <LastSaleDateTime>2026-01-29T21:53:33.000</LastSaleDateTime>
      <ItemType>1</ItemType>
      <ItemName>עלית הארק 700 מ"ל</ItemName>
      <ManufactureName>לא ידוע</ManufactureName>
      <ManufactureCountry>לא ידוע</ManufactureCountry>
      <ManufactureItemDescription>עלית הארק 700 מ"ל</ManufactureItemDescription>
      <UnitQty>לא ידוע</UnitQty>
      <Quantity>700.00</Quantity>
      <UnitOfMeasure>100 מ"ל</UnitOfMeasure>
      <bIsWeighted>0</bIsWeighted>
      <QtyInPackage>לא ידוע</QtyInPackage>
      <ItemPrice>59.90</ItemPrice>
      <UnitOfMeasurePrice>0.09</UnitOfMeasurePrice>
      <AllowDiscount>1</AllowDiscount>
      <ItemStatus/>
    </Item>
    <Item>
      <PriceUpdateTime>2025-02-26T09:22:59.000</PriceUpdateTime>
      <ItemCode>7290119860715</ItemCode>
      <LastSaleDateTime>2026-01-28T15:59:37.000</LastSaleDateTime>
      <ItemType>1</ItemType>
      <ItemName>מיני אובלטים מקוריים</ItemName>
      <ManufactureName>לא ידוע</ManufactureName>
      <ManufactureCountry>לא ידוע</ManufactureCountry>
      <ManufactureItemDescription>מיני אובלטים מקוריים</ManufactureItemDescription>
      <UnitQty>גרם</UnitQty>
      <Quantity>225.00</Quantity>
      <UnitOfMeasure>100 גרם</UnitOfMeasure>
      <bIsWeighted>0</bIsWeighted>
      <QtyInPackage>לא ידוע</QtyInPackage>
      <ItemPrice>11.80</ItemPrice>
      <UnitOfMeasurePrice>5.24</UnitOfMeasurePrice>
      <AllowDiscount>1</AllowDiscount>
      <ItemStatus/>
    </Item>
    <Item>
      <PriceUpdateTime>2025-02-26T09:26:41.000</PriceUpdateTime>
      <ItemCode>7290014673373</ItemCode>
      <LastSaleDateTime>2026-01-22T15:09:27.000</LastSaleDateTime>
      <ItemType>1</ItemType>
      <ItemName>תבלין פפריקה הונגרית</ItemName>
      <ManufactureName>תבליני מימון</ManufactureName>
      <ManufactureCountry>ישראל</ManufactureCountry>
      <ManufactureItemDescription>פפריקה הונגרית חריפה 250</ManufactureItemDescription>
      <UnitQty>גרם</UnitQty>
      <Quantity>220.00</Quantity>
      <UnitOfMeasure>100 גרם</UnitOfMeasure>
      <bIsWeighted>0</bIsWeighted>
      <QtyInPackage>לא ידוע</QtyInPackage>
      <ItemPrice>21.90</ItemPrice>
      <UnitOfMeasurePrice>9.95</UnitOfMeasurePrice>
      <AllowDiscount>1</AllowDiscount>
      <ItemStatus/>
    </Item>
    <Item>
      <PriceUpdateTime>2025-02-26T09:38:09.000</PriceUpdateTime>
      <ItemCode>7290019220473</ItemCode>
      <LastSaleDateTime>2026-01-26T18:12:33.000</LastSaleDateTime>
      <ItemType>1</ItemType>
      <ItemName>בלאש רוזה יבש 750 מ"</ItemName>
      <ManufactureName>לא ידוע</ManufactureName>
      <ManufactureCountry>לא ידוע</ManufactureCountry>
      <ManufactureItemDescription>בלאש רוזה יבש 750 מ"</ManufactureItemDescription>
      <UnitQty>לא ידוע</UnitQty>
      <Quantity>750.00</Quantity>
      <UnitOfMeasure>100 מ"ל</UnitOfMeasure>
      <bIsWeighted>0</bIsWeighted>
      <QtyInPackage>לא ידוע</QtyInPackage>
      <ItemPrice>49.90</ItemPrice>
      <UnitOfMeasurePrice>0.07</UnitOfMeasurePrice>
      <AllowDiscount>1</AllowDiscount>
      <ItemStatus/>
    </Item>
    <Item>
      <PriceUpdateTime>2025-02-26T09:38:28.000</PriceUpdateTime>
      <ItemCode>7290017812847</ItemCode>
      <LastSaleDateTime>2026-01-21T21:10:34.000</LastSaleDateTime>
      <ItemType>1</ItemType>
      <ItemName>סלקטד פרנץ גוורצטרמי</ItemName>
      <ManufactureName>לא ידוע</ManufactureName>
      <ManufactureCountry>לא ידוע</ManufactureCountry>
      <ManufactureItemDescription>סלקטד פרנץ גוורצטרמי</ManufactureItemDescription>
      <UnitQty>לא ידוע</UnitQty>
      <Quantity>750.00</Quantity>
      <UnitOfMeasure>100 מ"ל</UnitOfMeasure>
      <bIsWeighted>0</bIsWeighted>
      <QtyInPackage>לא ידוע</QtyInPackage>
      <ItemPrice>31.70</ItemPrice>
      <UnitOfMeasurePrice>0.04</UnitOfMeasurePrice>
      <AllowDiscount>1</AllowDiscount>
      <ItemStatus/>
    </Item>
    <Item>
      <PriceUpdateTime>2025-02-26T09:40:00.000</PriceUpdateTime>
      <ItemCode>7290008670210</ItemCode>
      <LastSaleDateTime>2015-01-01T00:00:00.000</LastSaleDateTime>
      <ItemType>1</ItemType>
      <ItemName>יין אדום שירז רקנאטי</ItemName>
      <ManufactureName>אחים שקד</ManufactureName>
      <ManufactureCountry>לא ידוע</ManufactureCountry>
      <ManufactureItemDescription>יין אדום שירז רקנאטי</ManufactureItemDescription>
      <UnitQty>לא ידוע</UnitQty>
      <Quantity>750.00</Quantity>
      <UnitOfMeasure>100 מ"ל</UnitOfMeasure>
      <bIsWeighted>0</bIsWeighted>
      <QtyInPackage>לא ידוע</QtyInPackage>
      <ItemPrice>49.90</ItemPrice>
      <UnitOfMeasurePrice>0.07</UnitOfMeasurePrice>
      <AllowDiscount>1</AllowDiscount>
      <ItemStatus>2</ItemStatus>
    </Item>
    <Item>
      <PriceUpdateTime>2025-02-26T09:40:00.000</PriceUpdateTime>
      <ItemCode>7290008670210</ItemCode>
      <LastSaleDateTime>2015-01-01T00:00:00.000</LastSaleDateTime>
      <ItemType>1</ItemType>
      <ItemName>יין אדום שירז רקנאטי</ItemName>
      <ManufactureName>אחים שקד</ManufactureName>
      <ManufactureCountry>לא ידוע</ManufactureCountry>
      <ManufactureItemDescription>יין אדום שירז רקנאטי</ManufactureItemDescription>
      <UnitQty>לא ידוע</UnitQty>
      <Quantity>750.00</Quantity>
      <UnitOfMeasure>100 מ"ל</UnitOfMeasure>
      <bIsWeighted>0</bIsWeighted>
      <QtyInPackage>לא ידוע</QtyInPackage>
      <ItemPrice>49.90</ItemPrice>
      <UnitOfMeasurePrice>0.07</UnitOfMeasurePrice>
      <AllowDiscount>1</AllowDiscount>
      <ItemStatus/>
    </Item>
    <Item>
      <PriceUpdateTime>2025-02-26T09:41:21.000</PriceUpdateTime>
      <ItemCode>7290012117541</ItemCode>
      <LastSaleDateTime>2026-01-22T15:09:27.000</LastSaleDateTime>
      <ItemType>1</ItemType>
      <ItemName>מקסימה מרכך כביסה מר</ItemName>
      <ManufactureName>סנו</ManufactureName>
      <ManufactureCountry>לא ידוע</ManufactureCountry>
      <ManufactureItemDescription>מקסימה מרכך כביסה מר</ManufactureItemDescription>
      <UnitQty>ליטר</UnitQty>
      <Quantity>1.00</Quantity>
      <UnitOfMeasure>ליטר    </UnitOfMeasure>
      <bIsWeighted>0</bIsWeighted>
      <QtyInPackage>לא ידוע</QtyInPackage>
      <ItemPrice>18.80</ItemPrice>
      <UnitOfMeasurePrice>18.80</UnitOfMeasurePrice>
      <AllowDiscount>1</AllowDiscount>
      <ItemStatus/>
    </Item>
    <Item>
      <PriceUpdateTime>2025-02-26T09:42:08.000</PriceUpdateTime>
      <ItemCode>8410104437268</ItemCode>
      <LastSaleDateTime>2026-01-22T14:37:27.000</LastSaleDateTime>
      <ItemType>1</ItemType>
      <ItemName>פיניש מפיג ריחות למד</ItemName>
      <ManufactureName>פיניש</ManufactureName>
      <ManufactureCountry>הונגריה</ManufactureCountry>
      <ManufactureItemDescription>FINSH,IT,DEO ODORSTOP*20</ManufactureItemDescription>
      <UnitQty>לא ידוע</UnitQty>
      <Quantity>1.00</Quantity>
      <UnitOfMeasure>יח'</UnitOfMeasure>
      <bIsWeighted>0</bIsWeighted>
      <QtyInPackage>לא ידוע</QtyInPackage>
      <ItemPrice>17.90</ItemPrice>
      <UnitOfMeasurePrice>17.90</UnitOfMeasurePrice>
      <AllowDiscount>1</AllowDiscount>
      <ItemStatus/>
    </Item>
    <Item>
      <PriceUpdateTime>2025-02-26T09:43:12.000</PriceUpdateTime>
      <ItemCode>4210201360742</ItemCode>
      <LastSaleDateTime>2026-01-22T16:55:44.000</LastSaleDateTime>
      <ItemType>1</ItemType>
      <ItemName>אורל בי ראש חשמלי לנ</ItemName>
      <ManufactureName>לא ידוע</ManufactureName>
      <ManufactureCountry>לא ידוע</ManufactureCountry>
      <ManufactureItemDescription>אורל בי ראש חשמלי לנ</ManufactureItemDescription>
      <UnitQty>לא ידוע</UnitQty>
      <Quantity>1.00</Quantity>
      <UnitOfMeasure>יח'</UnitOfMeasure>
      <bIsWeighted>0</bIsWeighted>
      <QtyInPackage>לא ידוע</QtyInPackage>
      <ItemPrice>69.80</ItemPrice>
      <UnitOfMeasurePrice>69.80</UnitOfMeasurePrice>
      <AllowDiscount>1</AllowDiscount>
      <ItemStatus/>
    </Item>
    <Item>
      <PriceUpdateTime>2025-02-26T09:43:52.000</PriceUpdateTime>
      <ItemCode>7290108354447</ItemCode>
      <LastSaleDateTime>2026-01-28T19:41:12.000</LastSaleDateTime>
      <ItemType>1</ItemType>
      <ItemName>כיף מרכך לשיער שמן ק</ItemName>
      <ManufactureName>לא ידוע</ManufactureName>
      <ManufactureCountry>לא ידוע</ManufactureCountry>
      <ManufactureItemDescription>כיף מרכך לשיער שמן ק</ManufactureItemDescription>
      <UnitQty>לא ידוע</UnitQty>
      <Quantity>700.00</Quantity>
      <UnitOfMeasure>100 מ"ל</UnitOfMeasure>
      <bIsWeighted>0</bIsWeighted>
      <QtyInPackage>לא ידוע</QtyInPackage>
      <ItemPrice>9.90</ItemPrice>
      <UnitOfMeasurePrice>0.01</UnitOfMeasurePrice>
      <AllowDiscount>1</AllowDiscount>
      <ItemStatus/>
    </Item>
    <Item>
      <PriceUpdateTime>2025-02-26T09:43:52.000</PriceUpdateTime>
      <ItemCode>7290108355802</ItemCode>
      <LastSaleDateTime>2026-01-29T21:01:36.000</LastSaleDateTime>
      <ItemType>1</ItemType>
      <ItemName>תחליב רחצה קרמה 700</ItemName>
      <ManufactureName>לא ידוע</ManufactureName>
      <ManufactureCountry>לא ידוע</ManufactureCountry>
      <ManufactureItemDescription>תחליב רחצה קרמה 700</ManufactureItemDescription>
      <UnitQty>לא ידוע</UnitQty>
      <Quantity>700.00</Quantity>
      <UnitOfMeasure>100 מ"ל</UnitOfMeasure>
      <bIsWeighted>0</bIsWeighted>
      <QtyInPackage>לא ידוע</QtyInPackage>
      <ItemPrice>14.90</ItemPrice>
      <UnitOfMeasurePrice>0.02</UnitOfMeasurePrice>
      <AllowDiscount>1</AllowDiscount>
      <ItemStatus/>
    </Item>
    <Item>
      <PriceUpdateTime>2025-02-26T09:44:11.000</PriceUpdateTime>
      <ItemCode>7290000201979</ItemCode>
      <LastSaleDateTime>2015-01-01T00:00:00.000</LastSaleDateTime>
      <ItemType>1</ItemType>
      <ItemName>מגבונים האגיס רביעיי</ItemName>
      <ManufactureName>האגיס</ManufactureName>
      <ManufactureCountry>לא ידוע</ManufactureCountry>
      <ManufactureItemDescription>מגבונים האגיס רביעיי</ManufactureItemDescription>
      <UnitQty>יחידות</UnitQty>
      <Quantity>224.00</Quantity>
      <UnitOfMeasure>יחידה   </UnitOfMeasure>
      <bIsWeighted>0</bIsWeighted>
      <QtyInPackage>לא ידוע</QtyInPackage>
      <ItemPrice>19.70</ItemPrice>
      <UnitOfMeasurePrice>0.09</UnitOfMeasurePrice>
      <AllowDiscount>1</AllowDiscount>
      <ItemStatus>2</ItemStatus>
    </Item>
    <Item>
      <PriceUpdateTime>2025-02-26T09:44:11.000</PriceUpdateTime>
      <ItemCode>7290000205915</ItemCode>
      <LastSaleDateTime>2026-01-29T18:37:13.000</LastSaleDateTime>
      <ItemType>1</ItemType>
      <ItemName>האגיס אקסטרה קייר מי</ItemName>
      <ManufactureName>חוגלה קימברלי</ManufactureName>
      <ManufactureCountry>ישראל</ManufactureCountry>
      <ManufactureItemDescription>האגיס אקסטרה קייר מי</ManufactureItemDescription>
      <UnitQty>לא ידוע</UnitQty>
      <Quantity>36.00</Quantity>
      <UnitOfMeasure>יח'</UnitOfMeasure>
      <bIsWeighted>0</bIsWeighted>
      <QtyInPackage>לא ידוע</QtyInPackage>
      <ItemPrice>46.90</ItemPrice>
      <UnitOfMeasurePrice>1.30</UnitOfMeasurePrice>
      <AllowDiscount>1</AllowDiscount>
      <ItemStatus/>
    </Item>
    <Item>
      <PriceUpdateTime>2025-02-26T09:44:34.000</PriceUpdateTime>
      <ItemCode>7290019502258</ItemCode>
      <LastSaleDateTime>2026-01-29T12:23:00.000</LastSaleDateTime>
      <ItemType>1</ItemType>
      <ItemName>אפקטיב קר קרם רב שימ</ItemName>
      <ManufactureName>לא ידוע</ManufactureName>
      <ManufactureCountry>לא ידוע</ManufactureCountry>
      <ManufactureItemDescription>אפקטיב קר קרם רב שימ</ManufactureItemDescription>
      <UnitQty>לא ידוע</UnitQty>
      <Quantity>200.00</Quantity>
      <UnitOfMeasure>100 מ"ל</UnitOfMeasure>
      <bIsWeighted>0</bIsWeighted>
      <QtyInPackage>לא ידוע</QtyInPackage>
      <ItemPrice>29.90</ItemPrice>
      <UnitOfMeasurePrice>0.15</UnitOfMeasurePrice>
      <AllowDiscount>1</AllowDiscount>
      <ItemStatus/>
    </Item>
    <Item>
      <PriceUpdateTime>2025-02-26T09:44:50.000</PriceUpdateTime>
      <ItemCode>7290108271706</ItemCode>
      <LastSaleDateTime>2026-01-22T10:11:58.000</LastSaleDateTime>
      <ItemType>1</ItemType>
      <ItemName>צמרוני תינוקות רמי ל</ItemName>
      <ManufactureName>רמי לוי</ManufactureName>
      <ManufactureCountry>לא ידוע</ManufactureCountry>
      <ManufactureItemDescription>צמרוני תינוקות רמי ל</ManufactureItemDescription>
      <UnitQty>לא ידוע</UnitQty>
      <Quantity>55.00</Quantity>
      <UnitOfMeasure>יח'</UnitOfMeasure>
      <bIsWeighted>0</bIsWeighted>
      <QtyInPackage>לא ידוע</QtyInPackage>
      <ItemPrice>4.90</ItemPrice>
      <UnitOfMeasurePrice>0.09</UnitOfMeasurePrice>
      <AllowDiscount>1</AllowDiscount>
      <ItemStatus/>
    </Item>
    <Item>
      <PriceUpdateTime>2025-02-26T09:44:58.000</PriceUpdateTime>
      <ItemCode>7290016601114</ItemCode>
      <LastSaleDateTime>2026-01-22T10:28:51.000</LastSaleDateTime>
      <ItemType>1</ItemType>
      <ItemName>דאו ספריי בריז 150 מ</ItemName>
      <ManufactureName>לא ידוע</ManufactureName>
      <ManufactureCountry>לא ידוע</ManufactureCountry>
      <ManufactureItemDescription>דאו ספריי בריז 150 מ</ManufactureItemDescription>
      <UnitQty>לא ידוע</UnitQty>
      <Quantity>150.00</Quantity>
      <UnitOfMeasure>100 מ"ל</UnitOfMeasure>
      <bIsWeighted>0</bIsWeighted>
      <QtyInPackage>לא ידוע</QtyInPackage>
      <ItemPrice>8.90</ItemPrice>
      <UnitOfMeasurePrice>0.06</UnitOfMeasurePrice>
      <AllowDiscount>1</AllowDiscount>
      <ItemStatus/>
    </Item>
    <Item>
      <PriceUpdateTime>2025-02-26T11:18:35.000</PriceUpdateTime>
      <ItemCode>7290000136837</ItemCode>
      <LastSaleDateTime>2026-01-29T14:59:54.000</LastSaleDateTime>
      <ItemType>1</ItemType>
      <ItemName>רביעייה סודה בטעם אפ</ItemName>
      <ManufactureName>לא ידוע</ManufactureName>
      <ManufactureCountry>לא ידוע</ManufactureCountry>
      <ManufactureItemDescription>רביעייה סודה בטעם אפ</ManufactureItemDescription>
      <UnitQty>ליטר</UnitQty>
      <Quantity>1.50</Quantity>
      <UnitOfMeasure>ליטר    </UnitOfMeasure>
      <bIsWeighted>0</bIsWeighted>
      <QtyInPackage>לא ידוע</QtyInPackage>
      <ItemPrice>12.90</ItemPrice>
      <UnitOfMeasurePrice>8.60</UnitOfMeasurePrice>
      <AllowDiscount>1</AllowDiscount>
      <ItemStatus/>
    </Item>
    <Item>
      <PriceUpdateTime>2025-02-26T11:20:13.000</PriceUpdateTime>
      <ItemCode>7290103702489</ItemCode>
      <LastSaleDateTime>2026-01-28T11:54:40.000</LastSaleDateTime>
      <ItemType>1</ItemType>
      <ItemName>נייר חתוך רמי לוי 80</ItemName>
      <ManufactureName>לא ידוע</ManufactureName>
      <ManufactureCountry>לא ידוע</ManufactureCountry>
      <ManufactureItemDescription>נייר חתוך רמי לוי 80</ManufactureItemDescription>
      <UnitQty>יחידות</UnitQty>
      <Quantity>0.00</Quantity>
      <UnitOfMeasure>יחידה   </UnitOfMeasure>
      <bIsWeighted>0</bIsWeighted>
      <QtyInPackage>לא ידוע</QtyInPackage>
      <ItemPrice>12.90</ItemPrice>
      <UnitOfMeasurePrice>0.00</UnitOfMeasurePrice>
      <AllowDiscount>1</AllowDiscount>
      <ItemStatus/>
    </Item>
    <Item>
      <PriceUpdateTime>2025-03-02T09:48:41.000</PriceUpdateTime>
      <ItemCode>7290018554036</ItemCode>
      <LastSaleDateTime>2026-01-29T20:46:28.000</LastSaleDateTime>
      <ItemType>1</ItemType>
      <ItemName>מלפפונים בחומץ 10-12</ItemName>
      <ManufactureName>לא ידוע</ManufactureName>
      <ManufactureCountry>לא ידוע</ManufactureCountry>
      <ManufactureItemDescription>מלפפונים בחומץ 10-12</ManufactureItemDescription>
      <UnitQty>גרם</UnitQty>
      <Quantity>290.00</Quantity>
      <UnitOfMeasure>100 גרם</UnitOfMeasure>
      <bIsWeighted>0</bIsWeighted>
      <QtyInPackage>לא ידוע</QtyInPackage>
      <ItemPrice>7.90</ItemPrice>
      <UnitOfMeasurePrice>2.72</UnitOfMeasurePrice>
      <AllowDiscount>1</AllowDiscount>
      <ItemStatus/>
    </Item>
    <Item>
      <PriceUpdateTime>2025-03-02T13:23:04.000</PriceUpdateTime>
      <ItemCode>7290019489689</ItemCode>
      <LastSaleDateTime>2026-01-28T16:11:45.000</LastSaleDateTime>
      <ItemType>1</ItemType>
      <ItemName>דאודורנט ספריי לאישה</ItemName>
      <ManufactureName>לא ידוע</ManufactureName>
      <ManufactureCountry>לא ידוע</ManufactureCountry>
      <ManufactureItemDescription>דאודורנט ספריי לאישה</ManufactureItemDescription>
      <UnitQty>לא ידוע</UnitQty>
      <Quantity>150.00</Quantity>
      <UnitOfMeasure>100 מ"ל</UnitOfMeasure>
      <bIsWeighted>0</bIsWeighted>
      <QtyInPackage>לא ידוע</QtyInPackage>
      <ItemPrice>8.90</ItemPrice>
      <UnitOfMeasurePrice>0.06</UnitOfMeasurePrice>
      <AllowDiscount>1</AllowDiscount>
      <ItemStatus/>
    </Item>
    <Item>
      <PriceUpdateTime>2025-03-03T12:49:24.000</PriceUpdateTime>
      <ItemCode>7290019220909</ItemCode>
      <LastSaleDateTime>2026-01-21T13:47:58.000</LastSaleDateTime>
      <ItemType>1</ItemType>
      <ItemName>יין סבן הילס קברנה ס</ItemName>
      <ManufactureName>לא ידוע</ManufactureName>
      <ManufactureCountry>לא ידוע</ManufactureCountry>
      <ManufactureItemDescription>יין סבן הילס קברנה ס</ManufactureItemDescription>
      <UnitQty>מטרים</UnitQty>
      <Quantity>750.00</Quantity>
      <UnitOfMeasure>100 מ'ל</UnitOfMeasure>
      <bIsWeighted>0</bIsWeighted>
      <QtyInPackage>לא ידוע</QtyInPackage>
      <ItemPrice>64.90</ItemPrice>
      <UnitOfMeasurePrice>0.09</UnitOfMeasurePrice>
      <AllowDiscount>1</AllowDiscount>
      <ItemStatus/>
    </Item>
    <Item>
      <PriceUpdateTime>2025-03-03T12:51:30.000</PriceUpdateTime>
      <ItemCode>3600524163075</ItemCode>
      <LastSaleDateTime>2026-01-28T21:59:38.000</LastSaleDateTime>
      <ItemType>1</ItemType>
      <ItemName>שמפו אלביב מלא לחות</ItemName>
      <ManufactureName>לא ידוע</ManufactureName>
      <ManufactureCountry>לא ידוע</ManufactureCountry>
      <ManufactureItemDescription>שמפו אלביב מלא לחות</ManufactureItemDescription>
      <UnitQty>מטרים</UnitQty>
      <Quantity>500.00</Quantity>
      <UnitOfMeasure>100 מ'ל</UnitOfMeasure>
      <bIsWeighted>0</bIsWeighted>
      <QtyInPackage>לא ידוע</QtyInPackage>
      <ItemPrice>18.50</ItemPrice>
      <UnitOfMeasurePrice>0.04</UnitOfMeasurePrice>
      <AllowDiscount>1</AllowDiscount>
      <ItemStatus/>
    </Item>
    <Item>
      <PriceUpdateTime>2025-03-03T12:51:30.000</PriceUpdateTime>
      <ItemCode>3600524163198</ItemCode>
      <LastSaleDateTime>2026-01-22T15:25:32.000</LastSaleDateTime>
      <ItemType>1</ItemType>
      <ItemName>מרכך אלביב שומר על ה</ItemName>
      <ManufactureName>לא ידוע</ManufactureName>
      <ManufactureCountry>לא ידוע</ManufactureCountry>
      <ManufactureItemDescription>מרכך אלביב שומר על ה</ManufactureItemDescription>
      <UnitQty>מטרים</UnitQty>
      <Quantity>500.00</Quantity>
      <UnitOfMeasure>100 מ'ל</UnitOfMeasure>
      <bIsWeighted>0</bIsWeighted>
      <QtyInPackage>לא ידוע</QtyInPackage>
      <ItemPrice>18.50</ItemPrice>
      <UnitOfMeasurePrice>0.04</UnitOfMeasurePrice>
      <AllowDiscount>1</AllowDiscount>
      <ItemStatus/>
    </Item>
    <Item>
      <PriceUpdateTime>2025-03-04T14:18:00.000</PriceUpdateTime>
      <ItemCode>7290109581132</ItemCode>
      <LastSaleDateTime>2026-01-28T12:48:43.000</LastSaleDateTime>
      <ItemType>1</ItemType>
      <ItemName>פסטה בולונז 400 גרם</ItemName>
      <ManufactureName>לא ידוע</ManufactureName>
      <ManufactureCountry>לא ידוע</ManufactureCountry>
      <ManufactureItemDescription>פסטה בולונז 400 גרם</ManufactureItemDescription>
      <UnitQty>יחידות</UnitQty>
      <Quantity>0.00</Quantity>
      <UnitOfMeasure>יחידה   </UnitOfMeasure>
      <bIsWeighted>0</bIsWeighted>
      <QtyInPackage>לא ידוע</QtyInPackage>
      <ItemPrice>32.30</ItemPrice>
      <UnitOfMeasurePrice>0.00</UnitOfMeasurePrice>
      <AllowDiscount>1</AllowDiscount>
      <ItemStatus/>
    </Item>
    <Item>
      <PriceUpdateTime>2025-03-05T10:31:51.000</PriceUpdateTime>
      <ItemCode>8850999132013</ItemCode>
      <LastSaleDateTime>2015-01-01T00:00:00.000</LastSaleDateTime>
      <ItemType>1</ItemType>
      <ItemName>בירה סינגה שישייה 33</ItemName>
      <ManufactureName>לא ידוע</ManufactureName>
      <ManufactureCountry>לא ידוע</ManufactureCountry>
      <ManufactureItemDescription>בירה סינגה שישייה 33</ManufactureItemDescription>
      <UnitQty>ליטר</UnitQty>
      <Quantity>1.98</Quantity>
      <UnitOfMeasure>ליטר    </UnitOfMeasure>
      <bIsWeighted>0</bIsWeighted>
      <QtyInPackage>לא ידוע</QtyInPackage>
      <ItemPrice>33.90</ItemPrice>
      <UnitOfMeasurePrice>17.12</UnitOfMeasurePrice>
      <AllowDiscount>1</AllowDiscount>
      <ItemStatus>2</ItemStatus>
    </Item>
    <Item>
      <PriceUpdateTime>2025-03-05T10:31:51.000</PriceUpdateTime>
      <ItemCode>8850999132013</ItemCode>
      <LastSaleDateTime>2015-01-01T00:00:00.000</LastSaleDateTime>
      <ItemType>1</ItemType>
      <ItemName>בירה סינגה שישייה 33</ItemName>
      <ManufactureName>לא ידוע</ManufactureName>
      <ManufactureCountry>לא ידוע</ManufactureCountry>
      <ManufactureItemDescription>בירה סינגה שישייה 33</ManufactureItemDescription>
      <UnitQty>ליטר</UnitQty>
      <Quantity>1.98</Quantity>
      <UnitOfMeasure>ליטר    </UnitOfMeasure>
      <bIsWeighted>0</bIsWeighted>
      <QtyInPackage>לא ידוע</QtyInPackage>
      <ItemPrice>33.90</ItemPrice>
      <UnitOfMeasurePrice>17.12</UnitOfMeasurePrice>
      <AllowDiscount>1</AllowDiscount>
      <ItemStatus/>
    </Item>
    <Item>
      <PriceUpdateTime>2025-03-10T11:40:06.000</PriceUpdateTime>
      <ItemCode>7290108504293</ItemCode>
      <LastSaleDateTime>2026-01-29T18:24:04.000</LastSaleDateTime>
      <ItemType>1</ItemType>
      <ItemName>מנצ'גו צ'אנק 150 גר</ItemName>
      <ManufactureName>לא ידוע</ManufactureName>
      <ManufactureCountry>לא ידוע</ManufactureCountry>
      <ManufactureItemDescription>מנצ'גו צ'אנק 150 גר</ManufactureItemDescription>
      <UnitQty>לא ידוע</UnitQty>
      <Quantity>1.00</Quantity>
      <UnitOfMeasure>יח'</UnitOfMeasure>
      <bIsWeighted>0</bIsWeighted>
      <QtyInPackage>לא ידוע</QtyInPackage>
      <ItemPrice>20.90</ItemPrice>
      <UnitOfMeasurePrice>20.90</UnitOfMeasurePrice>
      <AllowDiscount>1</AllowDiscount>
      <ItemStatus/>
    </Item>
    <Item>
      <PriceUpdateTime>2025-03-11T10:55:02.000</PriceUpdateTime>
      <ItemCode>7290019220893</ItemCode>
      <LastSaleDateTime>2015-01-01T00:00:00.000</LastSaleDateTime>
      <ItemType>1</ItemType>
      <ItemName>יין סבן הילס שרדונה</ItemName>
      <ManufactureName>לא ידוע</ManufactureName>
      <ManufactureCountry>לא ידוע</ManufactureCountry>
      <ManufactureItemDescription>יין סבן הילס שרדונה</ManufactureItemDescription>
      <UnitQty>לא ידוע</UnitQty>
      <Quantity>750.00</Quantity>
      <UnitOfMeasure>100 מ"ל</UnitOfMeasure>
      <bIsWeighted>0</bIsWeighted>
      <QtyInPackage>לא ידוע</QtyInPackage>
      <ItemPrice>64.90</ItemPrice>
      <UnitOfMeasurePrice>0.09</UnitOfMeasurePrice>
      <AllowDiscount>1</AllowDiscount>
      <ItemStatus>2</ItemStatus>
    </Item>
    <Item>
      <PriceUpdateTime>2025-03-11T10:55:02.000</PriceUpdateTime>
      <ItemCode>7290019220893</ItemCode>
      <LastSaleDateTime>2015-01-01T00:00:00.000</LastSaleDateTime>
      <ItemType>1</ItemType>
      <ItemName>יין סבן הילס שרדונה</ItemName>
      <ManufactureName>לא ידוע</ManufactureName>
      <ManufactureCountry>לא ידוע</ManufactureCountry>
      <ManufactureItemDescription>יין סבן הילס שרדונה</ManufactureItemDescription>
      <UnitQty>לא ידוע</UnitQty>
      <Quantity>750.00</Quantity>
      <UnitOfMeasure>100 מ"ל</UnitOfMeasure>
      <bIsWeighted>0</bIsWeighted>
      <QtyInPackage>לא ידוע</QtyInPackage>
      <ItemPrice>64.90</ItemPrice>
      <UnitOfMeasurePrice>0.09</UnitOfMeasurePrice>
      <AllowDiscount>1</AllowDiscount>
      <ItemStatus/>
    </Item>
    <Item>
      <PriceUpdateTime>2025-03-13T15:39:06.000</PriceUpdateTime>
      <ItemCode>8023354068115</ItemCode>
      <LastSaleDateTime>2015-01-01T00:00:00.000</LastSaleDateTime>
      <ItemType>1</ItemType>
      <ItemName>יין פרימיטיבו סאלנטו</ItemName>
      <ManufactureName>לא ידוע</ManufactureName>
      <ManufactureCountry>לא ידוע</ManufactureCountry>
      <ManufactureItemDescription>יין פרימיטיבו סאלנטו</ManufactureItemDescription>
      <UnitQty>מטרים</UnitQty>
      <Quantity>750.00</Quantity>
      <UnitOfMeasure>100 מ'ל</UnitOfMeasure>
      <bIsWeighted>0</bIsWeighted>
      <QtyInPackage>לא ידוע</QtyInPackage>
      <ItemPrice>49.90</ItemPrice>
      <UnitOfMeasurePrice>0.07</UnitOfMeasurePrice>
      <AllowDiscount>1</AllowDiscount>
      <ItemStatus>2</ItemStatus>
    </Item>
    <Item>
      <PriceUpdateTime>2025-03-13T15:39:06.000</PriceUpdateTime>
      <ItemCode>8023354068115</ItemCode>
      <LastSaleDateTime>2015-01-01T00:00:00.000</LastSaleDateTime>
      <ItemType>1</ItemType>
      <ItemName>יין פרימיטיבו סאלנטו</ItemName>
      <ManufactureName>לא ידוע</ManufactureName>
      <ManufactureCountry>לא ידוע</ManufactureCountry>
      <ManufactureItemDescription>יין פרימיטיבו סאלנטו</ManufactureItemDescription>
      <UnitQty>מטרים</UnitQty>
      <Quantity>750.00</Quantity>
      <UnitOfMeasure>100 מ'ל</UnitOfMeasure>
      <bIsWeighted>0</bIsWeighted>
      <QtyInPackage>לא ידוע</QtyInPackage>
      <ItemPrice>49.90</ItemPrice>
      <UnitOfMeasurePrice>0.07</UnitOfMeasurePrice>
      <AllowDiscount>1</AllowDiscount>
      <ItemStatus/>
    </Item>
    <Item>
      <PriceUpdateTime>2025-03-13T15:39:06.000</PriceUpdateTime>
      <ItemCode>8023354248111</ItemCode>
      <LastSaleDateTime>2015-01-01T00:00:00.000</LastSaleDateTime>
      <ItemType>1</ItemType>
      <ItemName>יין שרדונה טיאמו 750</ItemName>
      <ManufactureName>לא ידוע</ManufactureName>
      <ManufactureCountry>לא ידוע</ManufactureCountry>
      <ManufactureItemDescription>יין שרדונה טיאמו 750</ManufactureItemDescription>
      <UnitQty>מטרים</UnitQty>
      <Quantity>750.00</Quantity>
      <UnitOfMeasure>100 מ'ל</UnitOfMeasure>
      <bIsWeighted>0</bIsWeighted>
      <QtyInPackage>לא ידוע</QtyInPackage>
      <ItemPrice>49.90</ItemPrice>
      <UnitOfMeasurePrice>0.07</UnitOfMeasurePrice>
      <AllowDiscount>1</AllowDiscount>
      <ItemStatus>2</ItemStatus>
    </Item>
    <Item>
      <PriceUpdateTime>2025-03-13T15:39:06.000</PriceUpdateTime>
      <ItemCode>8023354248111</ItemCode>
      <LastSaleDateTime>2015-01-01T00:00:00.000</LastSaleDateTime>
      <ItemType>1</ItemType>
      <ItemName>יין שרדונה טיאמו 750</ItemName>
      <ManufactureName>לא ידוע</ManufactureName>
      <ManufactureCountry>לא ידוע</ManufactureCountry>
      <ManufactureItemDescription>יין שרדונה טיאמו 750</ManufactureItemDescription>
      <UnitQty>מטרים</UnitQty>
      <Quantity>750.00</Quantity>
      <UnitOfMeasure>100 מ'ל</UnitOfMeasure>
      <bIsWeighted>0</bIsWeighted>
      <QtyInPackage>לא ידוע</QtyInPackage>
      <ItemPrice>49.90</ItemPrice>
      <UnitOfMeasurePrice>0.07</UnitOfMeasurePrice>
      <AllowDiscount>1</AllowDiscount>
      <ItemStatus/>
    </Item>
    <Item>
      <PriceUpdateTime>2025-03-17T14:57:40.000</PriceUpdateTime>
      <ItemCode>7290108358032</ItemCode>
      <LastSaleDateTime>2026-01-29T19:33:33.000</LastSaleDateTime>
      <ItemType>1</ItemType>
      <ItemName>סנובון באבלס סנו 3 י</ItemName>
      <ManufactureName>לא ידוע</ManufactureName>
      <ManufactureCountry>לא ידוע</ManufactureCountry>
      <ManufactureItemDescription>סנובון באבלס סנו 3 י</ManufactureItemDescription>
      <UnitQty>לא ידוע</UnitQty>
      <Quantity>3.00</Quantity>
      <UnitOfMeasure>יח'</UnitOfMeasure>
      <bIsWeighted>0</bIsWeighted>
      <QtyInPackage>לא ידוע</QtyInPackage>
      <ItemPrice>14.90</ItemPrice>
      <UnitOfMeasurePrice>4.97</UnitOfMeasurePrice>
      <AllowDiscount>1</AllowDiscount>
      <ItemStatus/>
    </Item>
    <Item>
      <PriceUpdateTime>2025-03-18T15:33:20.000</PriceUpdateTime>
      <ItemCode>7290008756112</ItemCode>
      <LastSaleDateTime>2026-01-29T21:22:12.000</LastSaleDateTime>
      <ItemType>1</ItemType>
      <ItemName>שמן פראפין 1 ליטר של</ItemName>
      <ManufactureName>שלהבת</ManufactureName>
      <ManufactureCountry>לא ידוע</ManufactureCountry>
      <ManufactureItemDescription>שמן פראפין 1 ליטר של</ManufactureItemDescription>
      <UnitQty>ליטר</UnitQty>
      <Quantity>1.00</Quantity>
      <UnitOfMeasure>ליטר    </UnitOfMeasure>
      <bIsWeighted>0</bIsWeighted>
      <QtyInPackage>לא ידוע</QtyInPackage>
      <ItemPrice>31.90</ItemPrice>
      <UnitOfMeasurePrice>31.90</UnitOfMeasurePrice>
      <AllowDiscount>1</AllowDiscount>
      <ItemStatus/>
    </Item>
    <Item>
      <PriceUpdateTime>2025-03-19T14:32:16.000</PriceUpdateTime>
      <ItemCode>7290000318905</ItemCode>
      <LastSaleDateTime>2026-01-29T17:01:09.000</LastSaleDateTime>
      <ItemType>1</ItemType>
      <ItemName>נקניק סלמי קוניאק יח</ItemName>
      <ManufactureName>מעדני  יחיעם</ManufactureName>
      <ManufactureCountry>לא ידוע</ManufactureCountry>
      <ManufactureItemDescription>נקניק סלמי קוניאק יח</ManufactureItemDescription>
      <UnitQty>גרם</UnitQty>
      <Quantity>300.00</Quantity>
      <UnitOfMeasure>100 גרם</UnitOfMeasure>
      <bIsWeighted>0</bIsWeighted>
      <QtyInPackage>לא ידוע</QtyInPackage>
      <ItemPrice>28.90</ItemPrice>
      <UnitOfMeasurePrice>9.63</UnitOfMeasurePrice>
      <AllowDiscount>1</AllowDiscount>
      <ItemStatus/>
    </Item>
    <Item>
      <PriceUpdateTime>2025-03-19T16:50:41.000</PriceUpdateTime>
      <ItemCode>7290001121894</ItemCode>
      <LastSaleDateTime>2026-01-28T20:14:20.000</LastSaleDateTime>
      <ItemType>1</ItemType>
      <ItemName>פסטרמה הודו על גחלים</ItemName>
      <ManufactureName>מעדני  יחיעם</ManufactureName>
      <ManufactureCountry>לא ידוע</ManufactureCountry>
      <ManufactureItemDescription>פסטרמה הודו על גחלים</ManufactureItemDescription>
      <UnitQty>גרם</UnitQty>
      <Quantity>300.00</Quantity>
      <UnitOfMeasure>100 גרם</UnitOfMeasure>
      <bIsWeighted>0</bIsWeighted>
      <QtyInPackage>לא ידוע</QtyInPackage>
      <ItemPrice>28.90</ItemPrice>
      <UnitOfMeasurePrice>9.63</UnitOfMeasurePrice>
      <AllowDiscount>1</AllowDiscount>
      <ItemStatus/>
    </Item>
    <Item>
      <PriceUpdateTime>2025-03-20T10:40:52.000</PriceUpdateTime>
      <ItemCode>8850006536322</ItemCode>
      <LastSaleDateTime>2026-01-28T19:07:14.000</LastSaleDateTime>
      <ItemType>1</ItemType>
      <ItemName>פלמוליב סבון נוזלי ל</ItemName>
      <ManufactureName>לא ידוע</ManufactureName>
      <ManufactureCountry>לא ידוע</ManufactureCountry>
      <ManufactureItemDescription>פלמוליב סבון נוזלי ל</ManufactureItemDescription>
      <UnitQty>מטרים</UnitQty>
      <Quantity>750.00</Quantity>
      <UnitOfMeasure>100 מ'ל</UnitOfMeasure>
      <bIsWeighted>0</bIsWeighted>
      <QtyInPackage>לא ידוע</QtyInPackage>
      <ItemPrice>19.50</ItemPrice>
      <UnitOfMeasurePrice>0.03</UnitOfMeasurePrice>
      <AllowDiscount>1</AllowDiscount>
      <ItemStatus/>
    </Item>
    <Item>
      <PriceUpdateTime>2025-03-20T11:39:16.000</PriceUpdateTime>
      <ItemCode>7290120125414</ItemCode>
      <LastSaleDateTime>2026-01-29T13:44:36.000</LastSaleDateTime>
      <ItemType>1</ItemType>
      <ItemName>גליל מפת שולחן צלופן</ItemName>
      <ManufactureName>לא ידוע</ManufactureName>
      <ManufactureCountry>לא ידוע</ManufactureCountry>
      <ManufactureItemDescription>גליל מפת שולחן צלופן</ManufactureItemDescription>
      <UnitQty>לא ידוע</UnitQty>
      <Quantity>1.00</Quantity>
      <UnitOfMeasure>יח'</UnitOfMeasure>
      <bIsWeighted>0</bIsWeighted>
      <QtyInPackage>לא ידוע</QtyInPackage>
      <ItemPrice>39.90</ItemPrice>
      <UnitOfMeasurePrice>39.90</UnitOfMeasurePrice>
      <AllowDiscount>1</AllowDiscount>
      <ItemStatus/>
    </Item>
    <Item>
      <PriceUpdateTime>2025-03-20T11:41:16.000</PriceUpdateTime>
      <ItemCode>7290019398745</ItemCode>
      <LastSaleDateTime>2015-01-01T00:00:00.000</LastSaleDateTime>
      <ItemType>1</ItemType>
      <ItemName>יין מוסקטו ורוד מבעב</ItemName>
      <ManufactureName>לא ידוע</ManufactureName>
      <ManufactureCountry>לא ידוע</ManufactureCountry>
      <ManufactureItemDescription>יין מוסקטו ורוד מבעב</ManufactureItemDescription>
      <UnitQty>מטרים</UnitQty>
      <Quantity>750.00</Quantity>
      <UnitOfMeasure>100 מ'ל</UnitOfMeasure>
      <bIsWeighted>0</bIsWeighted>
      <QtyInPackage>לא ידוע</QtyInPackage>
      <ItemPrice>43.80</ItemPrice>
      <UnitOfMeasurePrice>0.06</UnitOfMeasurePrice>
      <AllowDiscount>1</AllowDiscount>
      <ItemStatus>2</ItemStatus>
    </Item>
    <Item>
      <PriceUpdateTime>2025-03-20T11:41:16.000</PriceUpdateTime>
      <ItemCode>7290019398745</ItemCode>
      <LastSaleDateTime>2015-01-01T00:00:00.000</LastSaleDateTime>
      <ItemType>1</ItemType>
      <ItemName>יין מוסקטו ורוד מבעב</ItemName>
      <ManufactureName>לא ידוע</ManufactureName>
      <ManufactureCountry>לא ידוע</ManufactureCountry>
      <ManufactureItemDescription>יין מוסקטו ורוד מבעב</ManufactureItemDescription>
      <UnitQty>מטרים</UnitQty>
      <Quantity>750.00</Quantity>
      <UnitOfMeasure>100 מ'ל</UnitOfMeasure>
      <bIsWeighted>0</bIsWeighted>
      <QtyInPackage>לא ידוע</QtyInPackage>
      <ItemPrice>43.80</ItemPrice>
      <UnitOfMeasurePrice>0.06</UnitOfMeasurePrice>
      <AllowDiscount>1</AllowDiscount>
      <ItemStatus/>
    </Item>
    <Item>
      <PriceUpdateTime>2025-03-20T15:21:51.000</PriceUpdateTime>
      <ItemCode>7290119053759</ItemCode>
      <LastSaleDateTime>2015-01-01T00:00:00.000</LastSaleDateTime>
      <ItemType>1</ItemType>
      <ItemName>עוגת שוקו ציפס לפסח</ItemName>
      <ManufactureName>לא ידוע</ManufactureName>
      <ManufactureCountry>לא ידוע</ManufactureCountry>
      <ManufactureItemDescription>עוגת שוקו ציפס לפסח</ManufactureItemDescription>
      <UnitQty>גרם</UnitQty>
      <Quantity>350.00</Quantity>
      <UnitOfMeasure>100 גרם</UnitOfMeasure>
      <bIsWeighted>0</bIsWeighted>
      <QtyInPackage>לא ידוע</QtyInPackage>
      <ItemPrice>14.90</ItemPrice>
      <UnitOfMeasurePrice>4.26</UnitOfMeasurePrice>
      <AllowDiscount>1</AllowDiscount>
      <ItemStatus>2</ItemStatus>
    </Item>
    <Item>
      <PriceUpdateTime>2025-03-21T09:06:33.000</PriceUpdateTime>
      <ItemCode>7290010003051</ItemCode>
      <LastSaleDateTime>2026-01-29T20:13:17.000</LastSaleDateTime>
      <ItemType>1</ItemType>
      <ItemName>תבלין פפריקה מתוקה ה</ItemName>
      <ManufactureName>תבליני מימון</ManufactureName>
      <ManufactureCountry>ישראל</ManufactureCountry>
      <ManufactureItemDescription>פפריקה הונגרית מתוקה 400</ManufactureItemDescription>
      <UnitQty>גרם</UnitQty>
      <Quantity>400.00</Quantity>
      <UnitOfMeasure>100 גרם</UnitOfMeasure>
      <bIsWeighted>0</bIsWeighted>
      <QtyInPackage>לא ידוע</QtyInPackage>
      <ItemPrice>24.90</ItemPrice>
      <UnitOfMeasurePrice>6.22</UnitOfMeasurePrice>
      <AllowDiscount>1</AllowDiscount>
      <ItemStatus/>
    </Item>
    <Item>
      <PriceUpdateTime>2025-03-21T09:18:30.000</PriceUpdateTime>
      <ItemCode>7804414017110</ItemCode>
      <LastSaleDateTime>2015-01-01T00:00:00.000</LastSaleDateTime>
      <ItemType>1</ItemType>
      <ItemName>דון חוליו פינו נואר</ItemName>
      <ManufactureName>לא ידוע</ManufactureName>
      <ManufactureCountry>לא ידוע</ManufactureCountry>
      <ManufactureItemDescription>דון חוליו פינו נואר</ManufactureItemDescription>
      <UnitQty>לא ידוע</UnitQty>
      <Quantity>750.00</Quantity>
      <UnitOfMeasure>100 מ"ל</UnitOfMeasure>
      <bIsWeighted>0</bIsWeighted>
      <QtyInPackage>לא ידוע</QtyInPackage>
      <ItemPrice>29.90</ItemPrice>
      <UnitOfMeasurePrice>0.04</UnitOfMeasurePrice>
      <AllowDiscount>1</AllowDiscount>
      <ItemStatus>2</ItemStatus>
    </Item>
    <Item>
      <PriceUpdateTime>2025-03-21T09:18:30.000</PriceUpdateTime>
      <ItemCode>7804414017110</ItemCode>
      <LastSaleDateTime>2015-01-01T00:00:00.000</LastSaleDateTime>
      <ItemType>1</ItemType>
      <ItemName>דון חוליו פינו נואר</ItemName>
      <ManufactureName>לא ידוע</ManufactureName>
      <ManufactureCountry>לא ידוע</ManufactureCountry>
      <ManufactureItemDescription>דון חוליו פינו נואר</ManufactureItemDescription>
      <UnitQty>לא ידוע</UnitQty>
      <Quantity>750.00</Quantity>
      <UnitOfMeasure>100 מ"ל</UnitOfMeasure>
      <bIsWeighted>0</bIsWeighted>
      <QtyInPackage>לא ידוע</QtyInPackage>
      <ItemPrice>29.90</ItemPrice>
      <UnitOfMeasurePrice>0.04</UnitOfMeasurePrice>
      <AllowDiscount>1</AllowDiscount>
      <ItemStatus/>
    </Item>
    <Item>
      <PriceUpdateTime>2025-03-21T09:18:39.000</PriceUpdateTime>
      <ItemCode>5010677551397</ItemCode>
      <LastSaleDateTime>2025-12-22T00:00:00.000</LastSaleDateTime>
      <ItemType>1</ItemType>
      <ItemName>בקרדי בריזר לימון לי</ItemName>
      <ManufactureName>טמפו</ManufactureName>
      <ManufactureCountry>לא ידוע</ManufactureCountry>
      <ManufactureItemDescription>בקרדי בריזר לימון לי</ManufactureItemDescription>
      <UnitQty>לא ידוע</UnitQty>
      <Quantity>275.00</Quantity>
      <UnitOfMeasure>100 מ"ל</UnitOfMeasure>
      <bIsWeighted>0</bIsWeighted>
      <QtyInPackage>לא ידוע</QtyInPackage>
      <ItemPrice>13.90</ItemPrice>
      <UnitOfMeasurePrice>0.05</UnitOfMeasurePrice>
      <AllowDiscount>1</AllowDiscount>
      <ItemStatus/>
    </Item>
    <Item>
      <PriceUpdateTime>2025-03-31T08:34:03.000</PriceUpdateTime>
      <ItemCode>7290122180954</ItemCode>
      <LastSaleDateTime>2026-01-29T15:19:07.000</LastSaleDateTime>
      <ItemType>1</ItemType>
      <ItemName>נענע מהדרין רמי לוי</ItemName>
      <ManufactureName>לא ידוע</ManufactureName>
      <ManufactureCountry>לא ידוע</ManufactureCountry>
      <ManufactureItemDescription>נענע מהדרין רמי לוי</ManufactureItemDescription>
      <UnitQty>לא ידוע</UnitQty>
      <Quantity>1.00</Quantity>
      <UnitOfMeasure>יח'</UnitOfMeasure>
      <bIsWeighted>0</bIsWeighted>
      <QtyInPackage>לא ידוע</QtyInPackage>
      <ItemPrice>5.90</ItemPrice>
      <UnitOfMeasurePrice>5.90</UnitOfMeasurePrice>
      <AllowDiscount>1</AllowDiscount>
      <ItemStatus/>
    </Item>
    <Item>
      <PriceUpdateTime>2025-03-31T14:56:43.000</PriceUpdateTime>
      <ItemCode>6224000654870</ItemCode>
      <LastSaleDateTime>2026-01-28T19:48:39.000</LastSaleDateTime>
      <ItemType>1</ItemType>
      <ItemName>תחתיו ארטישוק מחפוד</ItemName>
      <ManufactureName>לא ידוע</ManufactureName>
      <ManufactureCountry>לא ידוע</ManufactureCountry>
      <ManufactureItemDescription>תחתיו ארטישוק מחפוד</ManufactureItemDescription>
      <UnitQty>קילוגרם</UnitQty>
      <Quantity>1.00</Quantity>
      <UnitOfMeasure>ק"ג     </UnitOfMeasure>
      <bIsWeighted>0</bIsWeighted>
      <QtyInPackage>לא ידוע</QtyInPackage>
      <ItemPrice>16.90</ItemPrice>
      <UnitOfMeasurePrice>16.90</UnitOfMeasurePrice>
      <AllowDiscount>1</AllowDiscount>
      <ItemStatus/>
    </Item>
    <Item>
      <PriceUpdateTime>2025-04-09T08:56:07.000</PriceUpdateTime>
      <ItemCode>8718951593190</ItemCode>
      <LastSaleDateTime>2026-01-22T19:01:55.000</LastSaleDateTime>
      <ItemType>1</ItemType>
      <ItemName>פלמוליב סבון גוף 500</ItemName>
      <ManufactureName>לא ידוע</ManufactureName>
      <ManufactureCountry>לא ידוע</ManufactureCountry>
      <ManufactureItemDescription>פלמוליב סבון גוף 500</ManufactureItemDescription>
      <UnitQty>לא ידוע</UnitQty>
      <Quantity>500.00</Quantity>
      <UnitOfMeasure>100 מ"ל</UnitOfMeasure>
      <bIsWeighted>0</bIsWeighted>
      <QtyInPackage>לא ידוע</QtyInPackage>
      <ItemPrice>15.90</ItemPrice>
      <UnitOfMeasurePrice>0.03</UnitOfMeasurePrice>
      <AllowDiscount>1</AllowDiscount>
      <ItemStatus/>
    </Item>
    <Item>
      <PriceUpdateTime>2025-04-09T11:46:57.000</PriceUpdateTime>
      <ItemCode>7290117263150</ItemCode>
      <LastSaleDateTime>2026-01-28T12:28:33.000</LastSaleDateTime>
      <ItemType>1</ItemType>
      <ItemName>באגט עם חמאת שום קפו</ItemName>
      <ManufactureName>לא ידוע</ManufactureName>
      <ManufactureCountry>לא ידוע</ManufactureCountry>
      <ManufactureItemDescription>באגט עם חמאת שום קפו</ManufactureItemDescription>
      <UnitQty>גרם</UnitQty>
      <Quantity>350.00</Quantity>
      <UnitOfMeasure>100 גרם</UnitOfMeasure>
      <bIsWeighted>0</bIsWeighted>
      <QtyInPackage>לא ידוע</QtyInPackage>
      <ItemPrice>12.50</ItemPrice>
      <UnitOfMeasurePrice>3.57</UnitOfMeasurePrice>
      <AllowDiscount>1</AllowDiscount>
      <ItemStatus/>
    </Item>
    <Item>
      <PriceUpdateTime>2025-04-10T13:01:07.000</PriceUpdateTime>
      <ItemCode>7290119382873</ItemCode>
      <LastSaleDateTime>2026-01-29T18:44:18.000</LastSaleDateTime>
      <ItemType>1</ItemType>
      <ItemName>קונפיטורת אוכמניות כ</ItemName>
      <ManufactureName>לא ידוע</ManufactureName>
      <ManufactureCountry>לא ידוע</ManufactureCountry>
      <ManufactureItemDescription>קונפיטורת אוכמניות כ</ManufactureItemDescription>
      <UnitQty>גרם</UnitQty>
      <Quantity>340.00</Quantity>
      <UnitOfMeasure>100 גרם</UnitOfMeasure>
      <bIsWeighted>0</bIsWeighted>
      <QtyInPackage>לא ידוע</QtyInPackage>
      <ItemPrice>12.90</ItemPrice>
      <UnitOfMeasurePrice>3.79</UnitOfMeasurePrice>
      <AllowDiscount>1</AllowDiscount>
      <ItemStatus/>
    </Item>
    <Item>
      <PriceUpdateTime>2025-04-11T08:17:17.000</PriceUpdateTime>
      <ItemCode>8423207208871</ItemCode>
      <LastSaleDateTime>2026-01-22T17:29:13.000</LastSaleDateTime>
      <ItemType>1</ItemType>
      <ItemName>פריכיות תירס בטעם טב</ItemName>
      <ManufactureName>ביסנצ'ורי</ManufactureName>
      <ManufactureCountry>ספרד</ManufactureCountry>
      <ManufactureItemDescription>פריכיות תירס בטעם טב</ManufactureItemDescription>
      <UnitQty>גרם</UnitQty>
      <Quantity>130.00</Quantity>
      <UnitOfMeasure>100 גרם</UnitOfMeasure>
      <bIsWeighted>0</bIsWeighted>
      <QtyInPackage>לא ידוע</QtyInPackage>
      <ItemPrice>10.90</ItemPrice>
      <UnitOfMeasurePrice>8.38</UnitOfMeasurePrice>
      <AllowDiscount>1</AllowDiscount>
      <ItemStatus/>
    </Item>
    <Item>
      <PriceUpdateTime>2025-04-11T08:17:33.000</PriceUpdateTime>
      <ItemCode>7290002253310</ItemCode>
      <LastSaleDateTime>2026-01-29T16:02:25.000</LastSaleDateTime>
      <ItemType>1</ItemType>
      <ItemName>דורות שום צילי חריף</ItemName>
      <ManufactureName>לא ידוע</ManufactureName>
      <ManufactureCountry>לא ידוע</ManufactureCountry>
      <ManufactureItemDescription>דורות שום צילי חריף</ManufactureItemDescription>
      <UnitQty>לא ידוע</UnitQty>
      <Quantity>1.00</Quantity>
      <UnitOfMeasure>יח'</UnitOfMeasure>
      <bIsWeighted>0</bIsWeighted>
      <QtyInPackage>לא ידוע</QtyInPackage>
      <ItemPrice>9.90</ItemPrice>
      <UnitOfMeasurePrice>9.90</UnitOfMeasurePrice>
      <AllowDiscount>1</AllowDiscount>
      <ItemStatus/>
    </Item>
    <Item>
      <PriceUpdateTime>2025-04-11T08:17:43.000</PriceUpdateTime>
      <ItemCode>7290013025951</ItemCode>
      <LastSaleDateTime>2026-01-29T19:09:52.000</LastSaleDateTime>
      <ItemType>1</ItemType>
      <ItemName>מיחם חשמלי 40 כוסות</ItemName>
      <ManufactureName>לא ידוע</ManufactureName>
      <ManufactureCountry>לא ידוע</ManufactureCountry>
      <ManufactureItemDescription>מיחם חשמלי 40 כוסות</ManufactureItemDescription>
      <UnitQty>לא ידוע</UnitQty>
      <Quantity>1.00</Quantity>
      <UnitOfMeasure>יח'</UnitOfMeasure>
      <bIsWeighted>0</bIsWeighted>
      <QtyInPackage>לא ידוע</QtyInPackage>
      <ItemPrice>199.90</ItemPrice>
      <UnitOfMeasurePrice>199.90</UnitOfMeasurePrice>
      <AllowDiscount>1</AllowDiscount>
      <ItemStatus/>
    </Item>
    <Item>
      <PriceUpdateTime>2025-04-11T08:17:51.000</PriceUpdateTime>
      <ItemCode>7290000318400</ItemCode>
      <LastSaleDateTime>2026-01-29T19:15:31.000</LastSaleDateTime>
      <ItemType>1</ItemType>
      <ItemName>פסטרמה בקר סגנון רומ</ItemName>
      <ManufactureName>מעדני  יחיעם</ManufactureName>
      <ManufactureCountry>לא ידוע</ManufactureCountry>
      <ManufactureItemDescription>פסטרמה בקר סגנון רומ</ManufactureItemDescription>
      <UnitQty>גרם</UnitQty>
      <Quantity>250.00</Quantity>
      <UnitOfMeasure>100 גרם</UnitOfMeasure>
      <bIsWeighted>0</bIsWeighted>
      <QtyInPackage>לא ידוע</QtyInPackage>
      <ItemPrice>31.90</ItemPrice>
      <UnitOfMeasurePrice>12.76</UnitOfMeasurePrice>
      <AllowDiscount>1</AllowDiscount>
      <ItemStatus/>
    </Item>
    <Item>
      <PriceUpdateTime>2025-04-11T08:17:52.000</PriceUpdateTime>
      <ItemCode>7290000554624</ItemCode>
      <LastSaleDateTime>2026-01-29T15:02:22.000</LastSaleDateTime>
      <ItemType>1</ItemType>
      <ItemName>ירח מתוק מעדן חלב עם</ItemName>
      <ManufactureName>מחלבות גד</ManufactureName>
      <ManufactureCountry>לא ידוע</ManufactureCountry>
      <ManufactureItemDescription>ירח מתוק מעדן חלב עם</ManufactureItemDescription>
      <UnitQty>לא ידוע</UnitQty>
      <Quantity>150.00</Quantity>
      <UnitOfMeasure>100 מ"ל</UnitOfMeasure>
      <bIsWeighted>0</bIsWeighted>
      <QtyInPackage>לא ידוע</QtyInPackage>
      <ItemPrice>6.20</ItemPrice>
      <UnitOfMeasurePrice>0.04</UnitOfMeasurePrice>
      <AllowDiscount>1</AllowDiscount>
      <ItemStatus/>
    </Item>
    <Item>
      <PriceUpdateTime>2025-04-11T08:17:54.000</PriceUpdateTime>
      <ItemCode>7290003438082</ItemCode>
      <LastSaleDateTime>2026-01-28T14:16:25.000</LastSaleDateTime>
      <ItemType>1</ItemType>
      <ItemName>חזרת מצונן 180 גרם</ItemName>
      <ManufactureName>תנובה</ManufactureName>
      <ManufactureCountry>לא ידוע</ManufactureCountry>
      <ManufactureItemDescription>חזרת מצונן 180 גרם</ManufactureItemDescription>
      <UnitQty>גרם</UnitQty>
      <Quantity>180.00</Quantity>
      <UnitOfMeasure>100 גרם</UnitOfMeasure>
      <bIsWeighted>0</bIsWeighted>
      <QtyInPackage>לא ידוע</QtyInPackage>
      <ItemPrice>11.50</ItemPrice>
      <UnitOfMeasurePrice>6.39</UnitOfMeasurePrice>
      <AllowDiscount>1</AllowDiscount>
      <ItemStatus/>
    </Item>
    <Item>
      <PriceUpdateTime>2025-04-11T08:17:55.000</PriceUpdateTime>
      <ItemCode>7290004944032</ItemCode>
      <LastSaleDateTime>2026-01-29T15:42:11.000</LastSaleDateTime>
      <ItemType>1</ItemType>
      <ItemName>חומוס אסלי 400 גר</ItemName>
      <ManufactureName>סלטי שמיר</ManufactureName>
      <ManufactureCountry>לא ידוע</ManufactureCountry>
      <ManufactureItemDescription>חומוס אסלי 400 גר</ManufactureItemDescription>
      <UnitQty>לא ידוע</UnitQty>
      <Quantity>1.00</Quantity>
      <UnitOfMeasure>יח'</UnitOfMeasure>
      <bIsWeighted>0</bIsWeighted>
      <QtyInPackage>לא ידוע</QtyInPackage>
      <ItemPrice>10.90</ItemPrice>
      <UnitOfMeasurePrice>10.90</UnitOfMeasurePrice>
      <AllowDiscount>1</AllowDiscount>
      <ItemStatus/>
    </Item>
    <Item>
      <PriceUpdateTime>2025-04-11T08:17:56.000</PriceUpdateTime>
      <ItemCode>7290006742292</ItemCode>
      <LastSaleDateTime>2026-01-22T11:28:37.000</LastSaleDateTime>
      <ItemType>1</ItemType>
      <ItemName>פסטרמה בדבש 2% זוגלו</ItemName>
      <ManufactureName>זוגלובק</ManufactureName>
      <ManufactureCountry>לא ידוע</ManufactureCountry>
      <ManufactureItemDescription>פסטרמה בדבש 2% זוגלו</ManufactureItemDescription>
      <UnitQty>גרם</UnitQty>
      <Quantity>330.00</Quantity>
      <UnitOfMeasure>100 גרם</UnitOfMeasure>
      <bIsWeighted>0</bIsWeighted>
      <QtyInPackage>לא ידוע</QtyInPackage>
      <ItemPrice>27.90</ItemPrice>
      <UnitOfMeasurePrice>8.45</UnitOfMeasurePrice>
      <AllowDiscount>1</AllowDiscount>
      <ItemStatus/>
    </Item>
    <Item>
      <PriceUpdateTime>2025-04-11T08:18:00.000</PriceUpdateTime>
      <ItemCode>7290017094199</ItemCode>
      <LastSaleDateTime>2026-01-22T18:37:59.000</LastSaleDateTime>
      <ItemType>1</ItemType>
      <ItemName>מעדן חצילים 200 גר ש</ItemName>
      <ManufactureName>לא ידוע</ManufactureName>
      <ManufactureCountry>לא ידוע</ManufactureCountry>
      <ManufactureItemDescription>מעדן חצילים 200 גר ש</ManufactureItemDescription>
      <UnitQty>גרם</UnitQty>
      <Quantity>200.00</Quantity>
      <UnitOfMeasure>100 גרם</UnitOfMeasure>
      <bIsWeighted>0</bIsWeighted>
      <QtyInPackage>לא ידוע</QtyInPackage>
      <ItemPrice>10.90</ItemPrice>
      <UnitOfMeasurePrice>5.45</UnitOfMeasurePrice>
      <AllowDiscount>1</AllowDiscount>
      <ItemStatus/>
    </Item>
    <Item>
      <PriceUpdateTime>2025-04-11T08:18:04.000</PriceUpdateTime>
      <ItemCode>7290106573628</ItemCode>
      <LastSaleDateTime>2026-01-22T18:46:04.000</LastSaleDateTime>
      <ItemType>1</ItemType>
      <ItemName>חומוס עם טחינה צבר 4</ItemName>
      <ManufactureName>צבר</ManufactureName>
      <ManufactureCountry>לא ידוע</ManufactureCountry>
      <ManufactureItemDescription>חומוס עם טחינה צבר 4</ManufactureItemDescription>
      <UnitQty>גרם</UnitQty>
      <Quantity>400.00</Quantity>
      <UnitOfMeasure>100 גרם</UnitOfMeasure>
      <bIsWeighted>0</bIsWeighted>
      <QtyInPackage>לא ידוע</QtyInPackage>
      <ItemPrice>11.90</ItemPrice>
      <UnitOfMeasurePrice>2.98</UnitOfMeasurePrice>
      <AllowDiscount>1</AllowDiscount>
      <ItemStatus/>
    </Item>
    <Item>
      <PriceUpdateTime>2025-04-11T08:18:05.000</PriceUpdateTime>
      <ItemCode>7290109580135</ItemCode>
      <LastSaleDateTime>2026-01-28T21:47:52.000</LastSaleDateTime>
      <ItemType>1</ItemType>
      <ItemName>זוגלובק פרימיום קורנ</ItemName>
      <ManufactureName>לא ידוע</ManufactureName>
      <ManufactureCountry>לא ידוע</ManufactureCountry>
      <ManufactureItemDescription>זוגלובק פרימיום קורנ</ManufactureItemDescription>
      <UnitQty>גרם</UnitQty>
      <Quantity>180.00</Quantity>
      <UnitOfMeasure>100 גרם</UnitOfMeasure>
      <bIsWeighted>0</bIsWeighted>
      <QtyInPackage>לא ידוע</QtyInPackage>
      <ItemPrice>27.90</ItemPrice>
      <UnitOfMeasurePrice>15.50</UnitOfMeasurePrice>
      <AllowDiscount>1</AllowDiscount>
      <ItemStatus/>
    </Item>
    <Item>
      <PriceUpdateTime>2025-04-11T08:18:11.000</PriceUpdateTime>
      <ItemCode>7290119373710</ItemCode>
      <LastSaleDateTime>2026-01-29T15:31:45.000</LastSaleDateTime>
      <ItemType>1</ItemType>
      <ItemName>חומוס 40% טחינה עם ח</ItemName>
      <ManufactureName>לא ידוע</ManufactureName>
      <ManufactureCountry>לא ידוע</ManufactureCountry>
      <ManufactureItemDescription>חומוס 40% טחינה עם ח</ManufactureItemDescription>
      <UnitQty>גרם</UnitQty>
      <Quantity>250.00</Quantity>
      <UnitOfMeasure>100 גרם</UnitOfMeasure>
      <bIsWeighted>0</bIsWeighted>
      <QtyInPackage>לא ידוע</QtyInPackage>
      <ItemPrice>9.90</ItemPrice>
      <UnitOfMeasurePrice>3.96</UnitOfMeasurePrice>
      <AllowDiscount>1</AllowDiscount>
      <ItemStatus/>
    </Item>
    <Item>
      <PriceUpdateTime>2025-04-11T08:18:18.000</PriceUpdateTime>
      <ItemCode>5202287008020</ItemCode>
      <LastSaleDateTime>2026-01-29T19:33:36.000</LastSaleDateTime>
      <ItemType>1</ItemType>
      <ItemName>צלחות חד פעמיות גדול</ItemName>
      <ManufactureName>לפיד</ManufactureName>
      <ManufactureCountry>לא ידוע</ManufactureCountry>
      <ManufactureItemDescription>צלחות חד פעמיות גדול</ManufactureItemDescription>
      <UnitQty>לא ידוע</UnitQty>
      <Quantity>50.00</Quantity>
      <UnitOfMeasure>יח'</UnitOfMeasure>
      <bIsWeighted>0</bIsWeighted>
      <QtyInPackage>לא ידוע</QtyInPackage>
      <ItemPrice>7.90</ItemPrice>
      <UnitOfMeasurePrice>0.16</UnitOfMeasurePrice>
      <AllowDiscount>1</AllowDiscount>
      <ItemStatus/>
    </Item>
    <Item>
      <PriceUpdateTime>2025-04-11T08:18:18.000</PriceUpdateTime>
      <ItemCode>5202287008075</ItemCode>
      <LastSaleDateTime>2026-01-28T13:53:39.000</LastSaleDateTime>
      <ItemType>1</ItemType>
      <ItemName>צלחות קטנות לבן 50 י</ItemName>
      <ManufactureName>לא ידוע</ManufactureName>
      <ManufactureCountry>לא ידוע</ManufactureCountry>
      <ManufactureItemDescription>צלחות קטנות לבן 50 י</ManufactureItemDescription>
      <UnitQty>לא ידוע</UnitQty>
      <Quantity>1.00</Quantity>
      <UnitOfMeasure>יח'</UnitOfMeasure>
      <bIsWeighted>0</bIsWeighted>
      <QtyInPackage>לא ידוע</QtyInPackage>
      <ItemPrice>5.90</ItemPrice>
      <UnitOfMeasurePrice>5.90</UnitOfMeasurePrice>
      <AllowDiscount>1</AllowDiscount>
      <ItemStatus/>
    </Item>
    <Item>
      <PriceUpdateTime>2025-04-11T08:18:18.000</PriceUpdateTime>
      <ItemCode>5566774573676</ItemCode>
      <LastSaleDateTime>2026-01-29T16:32:09.000</LastSaleDateTime>
      <ItemType>1</ItemType>
      <ItemName>סיר יציקה משובח 16ס"</ItemName>
      <ManufactureName>לא ידוע</ManufactureName>
      <ManufactureCountry>לא ידוע</ManufactureCountry>
      <ManufactureItemDescription>סיר יציקה משובח 16ס"</ManufactureItemDescription>
      <UnitQty>לא ידוע</UnitQty>
      <Quantity>1.00</Quantity>
      <UnitOfMeasure>יח'</UnitOfMeasure>
      <bIsWeighted>0</bIsWeighted>
      <QtyInPackage>לא ידוע</QtyInPackage>
      <ItemPrice>39.90</ItemPrice>
      <UnitOfMeasurePrice>39.90</UnitOfMeasurePrice>
      <AllowDiscount>1</AllowDiscount>
      <ItemStatus/>
    </Item>
    <Item>
      <PriceUpdateTime>2025-04-11T08:18:23.000</PriceUpdateTime>
      <ItemCode>7290108274196</ItemCode>
      <LastSaleDateTime>2026-01-29T21:01:36.000</LastSaleDateTime>
      <ItemType>1</ItemType>
      <ItemName>כוס מרוקאי קרם (40יח</ItemName>
      <ManufactureName>לא ידוע</ManufactureName>
      <ManufactureCountry>לא ידוע</ManufactureCountry>
      <ManufactureItemDescription>כוס מרוקאי קרם (40יח</ManufactureItemDescription>
      <UnitQty>לא ידוע</UnitQty>
      <Quantity>1.00</Quantity>
      <UnitOfMeasure>יח'</UnitOfMeasure>
      <bIsWeighted>0</bIsWeighted>
      <QtyInPackage>לא ידוע</QtyInPackage>
      <ItemPrice>8.90</ItemPrice>
      <UnitOfMeasurePrice>8.90</UnitOfMeasurePrice>
      <AllowDiscount>1</AllowDiscount>
      <ItemStatus/>
    </Item>
    <Item>
      <PriceUpdateTime>2025-04-11T08:18:25.000</PriceUpdateTime>
      <ItemCode>7290108277371</ItemCode>
      <LastSaleDateTime>2026-01-29T15:36:37.000</LastSaleDateTime>
      <ItemType>1</ItemType>
      <ItemName>צלחת 10</ItemName>
      <ManufactureName>לא ידוע</ManufactureName>
      <ManufactureCountry>לא ידוע</ManufactureCountry>
      <ManufactureItemDescription>צלחת 10</ManufactureItemDescription>
      <UnitQty>לא ידוע</UnitQty>
      <Quantity>1.00</Quantity>
      <UnitOfMeasure>יח'</UnitOfMeasure>
      <bIsWeighted>0</bIsWeighted>
      <QtyInPackage>לא ידוע</QtyInPackage>
      <ItemPrice>8.90</ItemPrice>
      <UnitOfMeasurePrice>8.90</UnitOfMeasurePrice>
      <AllowDiscount>1</AllowDiscount>
      <ItemStatus/>
    </Item>
    <Item>
      <PriceUpdateTime>2025-04-11T08:18:25.000</PriceUpdateTime>
      <ItemCode>7290108278040</ItemCode>
      <LastSaleDateTime>2026-01-29T10:56:48.000</LastSaleDateTime>
      <ItemType>1</ItemType>
      <ItemName>כסף צלחת 7 (25 יחידו</ItemName>
      <ManufactureName>לא ידוע</ManufactureName>
      <ManufactureCountry>לא ידוע</ManufactureCountry>
      <ManufactureItemDescription>כסף צלחת 7 (25 יחידו</ManufactureItemDescription>
      <UnitQty>לא ידוע</UnitQty>
      <Quantity>1.00</Quantity>
      <UnitOfMeasure>יח'</UnitOfMeasure>
      <bIsWeighted>0</bIsWeighted>
      <QtyInPackage>לא ידוע</QtyInPackage>
      <ItemPrice>3.90</ItemPrice>
      <UnitOfMeasurePrice>3.90</UnitOfMeasurePrice>
      <AllowDiscount>1</AllowDiscount>
      <ItemStatus/>
    </Item>
    <Item>
      <PriceUpdateTime>2025-04-11T08:18:25.000</PriceUpdateTime>
      <ItemCode>7290108278057</ItemCode>
      <LastSaleDateTime>2026-01-29T10:56:48.000</LastSaleDateTime>
      <ItemType>1</ItemType>
      <ItemName>צלחת כסף 25 יחידות</ItemName>
      <ManufactureName>לא ידוע</ManufactureName>
      <ManufactureCountry>לא ידוע</ManufactureCountry>
      <ManufactureItemDescription>צלחת כסף 25 יחידות</ManufactureItemDescription>
      <UnitQty>לא ידוע</UnitQty>
      <Quantity>1.00</Quantity>
      <UnitOfMeasure>יח'</UnitOfMeasure>
      <bIsWeighted>0</bIsWeighted>
      <QtyInPackage>לא ידוע</QtyInPackage>
      <ItemPrice>7.90</ItemPrice>
      <UnitOfMeasurePrice>7.90</UnitOfMeasurePrice>
      <AllowDiscount>1</AllowDiscount>
      <ItemStatus/>
    </Item>
    <Item>
      <PriceUpdateTime>2025-04-11T08:18:25.000</PriceUpdateTime>
      <ItemCode>7290108278088</ItemCode>
      <LastSaleDateTime>2026-01-29T20:27:41.000</LastSaleDateTime>
      <ItemType>1</ItemType>
      <ItemName>כסף אובלי 25 יחידות</ItemName>
      <ManufactureName>לא ידוע</ManufactureName>
      <ManufactureCountry>לא ידוע</ManufactureCountry>
      <ManufactureItemDescription>כסף אובלי 25 יחידות</ManufactureItemDescription>
      <UnitQty>לא ידוע</UnitQty>
      <Quantity>1.00</Quantity>
      <UnitOfMeasure>יח'</UnitOfMeasure>
      <bIsWeighted>0</bIsWeighted>
      <QtyInPackage>לא ידוע</QtyInPackage>
      <ItemPrice>13.90</ItemPrice>
      <UnitOfMeasurePrice>13.90</UnitOfMeasurePrice>
      <AllowDiscount>1</AllowDiscount>
      <ItemStatus/>
    </Item>
    <Item>
      <PriceUpdateTime>2025-04-11T08:18:26.000</PriceUpdateTime>
      <ItemCode>7290108278910</ItemCode>
      <LastSaleDateTime>2026-01-22T19:18:35.000</LastSaleDateTime>
      <ItemType>1</ItemType>
      <ItemName>מזלגות 10יחידות</ItemName>
      <ManufactureName>לא ידוע</ManufactureName>
      <ManufactureCountry>לא ידוע</ManufactureCountry>
      <ManufactureItemDescription>מזלגות 10יחידות</ManufactureItemDescription>
      <UnitQty>לא ידוע</UnitQty>
      <Quantity>1.00</Quantity>
      <UnitOfMeasure>יח'</UnitOfMeasure>
      <bIsWeighted>0</bIsWeighted>
      <QtyInPackage>לא ידוע</QtyInPackage>
      <ItemPrice>4.90</ItemPrice>
      <UnitOfMeasurePrice>4.90</UnitOfMeasurePrice>
      <AllowDiscount>1</AllowDiscount>
      <ItemStatus/>
    </Item>
    <Item>
      <PriceUpdateTime>2025-04-11T08:18:34.000</PriceUpdateTime>
      <ItemCode>7290116052748</ItemCode>
      <LastSaleDateTime>2026-01-29T18:03:51.000</LastSaleDateTime>
      <ItemType>1</ItemType>
      <ItemName>סכין קרם 40 יחידות</ItemName>
      <ManufactureName>לא ידוע</ManufactureName>
      <ManufactureCountry>לא ידוע</ManufactureCountry>
      <ManufactureItemDescription>סכין קרם 40 יחידות</ManufactureItemDescription>
      <UnitQty>לא ידוע</UnitQty>
      <Quantity>1.00</Quantity>
      <UnitOfMeasure>יח'</UnitOfMeasure>
      <bIsWeighted>0</bIsWeighted>
      <QtyInPackage>לא ידוע</QtyInPackage>
      <ItemPrice>7.90</ItemPrice>
      <UnitOfMeasurePrice>7.90</UnitOfMeasurePrice>
      <AllowDiscount>1</AllowDiscount>
      <ItemStatus/>
    </Item>
    <Item>
      <PriceUpdateTime>2025-04-11T08:18:35.000</PriceUpdateTime>
      <ItemCode>7290116057033</ItemCode>
      <LastSaleDateTime>2026-01-28T21:04:19.000</LastSaleDateTime>
      <ItemType>1</ItemType>
      <ItemName>סכין קונצ'טו (10יח')</ItemName>
      <ManufactureName>לא ידוע</ManufactureName>
      <ManufactureCountry>לא ידוע</ManufactureCountry>
      <ManufactureItemDescription>סכין קונצ'טו (10יח')</ManufactureItemDescription>
      <UnitQty>לא ידוע</UnitQty>
      <Quantity>1.00</Quantity>
      <UnitOfMeasure>יח'</UnitOfMeasure>
      <bIsWeighted>0</bIsWeighted>
      <QtyInPackage>לא ידוע</QtyInPackage>
      <ItemPrice>9.90</ItemPrice>
      <UnitOfMeasurePrice>9.90</UnitOfMeasurePrice>
      <AllowDiscount>1</AllowDiscount>
      <ItemStatus/>
    </Item>
    <Item>
      <PriceUpdateTime>2025-04-11T08:18:38.000</PriceUpdateTime>
      <ItemCode>7290116058153</ItemCode>
      <LastSaleDateTime>2026-01-29T19:51:42.000</LastSaleDateTime>
      <ItemType>1</ItemType>
      <ItemName>טוסקנה מרקיה ורוד עת</ItemName>
      <ManufactureName>לא ידוע</ManufactureName>
      <ManufactureCountry>לא ידוע</ManufactureCountry>
      <ManufactureItemDescription>טוסקנה מרקיה ורוד עת</ManufactureItemDescription>
      <UnitQty>לא ידוע</UnitQty>
      <Quantity>1.00</Quantity>
      <UnitOfMeasure>יח'</UnitOfMeasure>
      <bIsWeighted>0</bIsWeighted>
      <QtyInPackage>לא ידוע</QtyInPackage>
      <ItemPrice>9.90</ItemPrice>
      <UnitOfMeasurePrice>9.90</UnitOfMeasurePrice>
      <AllowDiscount>1</AllowDiscount>
      <ItemStatus/>
    </Item>
    <Item>
      <PriceUpdateTime>2025-04-11T08:19:14.000</PriceUpdateTime>
      <ItemCode>7290017599403</ItemCode>
      <LastSaleDateTime>2026-01-22T15:31:47.000</LastSaleDateTime>
      <ItemType>1</ItemType>
      <ItemName>סוכרזית סוכרלוז כפית</ItemName>
      <ManufactureName>לא ידוע</ManufactureName>
      <ManufactureCountry>לא ידוע</ManufactureCountry>
      <ManufactureItemDescription>סוכרזית סוכרלוז כפית</ManufactureItemDescription>
      <UnitQty>גרם</UnitQty>
      <Quantity>700.00</Quantity>
      <UnitOfMeasure>100 גרם</UnitOfMeasure>
      <bIsWeighted>0</bIsWeighted>
      <QtyInPackage>לא ידוע</QtyInPackage>
      <ItemPrice>39.90</ItemPrice>
      <UnitOfMeasurePrice>5.70</UnitOfMeasurePrice>
      <AllowDiscount>1</AllowDiscount>
      <ItemStatus/>
    </Item>
    <Item>
      <PriceUpdateTime>2025-04-11T08:19:25.000</PriceUpdateTime>
      <ItemCode>8858271005772</ItemCode>
      <LastSaleDateTime>2026-01-22T11:05:31.000</LastSaleDateTime>
      <ItemType>1</ItemType>
      <ItemName>רוטב סויה ללא גלוטן</ItemName>
      <ManufactureName>לא ידוע</ManufactureName>
      <ManufactureCountry>לא ידוע</ManufactureCountry>
      <ManufactureItemDescription>רוטב סויה ללא גלוטן</ManufactureItemDescription>
      <UnitQty>לא ידוע</UnitQty>
      <Quantity>300.00</Quantity>
      <UnitOfMeasure>100 מ"ל</UnitOfMeasure>
      <bIsWeighted>0</bIsWeighted>
      <QtyInPackage>לא ידוע</QtyInPackage>
      <ItemPrice>15.90</ItemPrice>
      <UnitOfMeasurePrice>0.05</UnitOfMeasurePrice>
      <AllowDiscount>1</AllowDiscount>
      <ItemStatus/>
    </Item>
    <Item>
      <PriceUpdateTime>2025-04-11T08:19:33.000</PriceUpdateTime>
      <ItemCode>7290000104690</ItemCode>
      <LastSaleDateTime>2026-01-22T13:58:33.000</LastSaleDateTime>
      <ItemType>1</ItemType>
      <ItemName>גרעיני תירס סנפרוסט</ItemName>
      <ManufactureName>סנפרוסט</ManufactureName>
      <ManufactureCountry>ישראל</ManufactureCountry>
      <ManufactureItemDescription>גרעיני תירס 20 יח 800 ג</ManufactureItemDescription>
      <UnitQty>גרם</UnitQty>
      <Quantity>800.00</Quantity>
      <UnitOfMeasure>100 גרם</UnitOfMeasure>
      <bIsWeighted>0</bIsWeighted>
      <QtyInPackage>לא ידוע</QtyInPackage>
      <ItemPrice>17.90</ItemPrice>
      <UnitOfMeasurePrice>2.24</UnitOfMeasurePrice>
      <AllowDiscount>1</AllowDiscount>
      <ItemStatus/>
    </Item>
    <Item>
      <PriceUpdateTime>2025-04-11T08:19:34.000</PriceUpdateTime>
      <ItemCode>7290000106526</ItemCode>
      <LastSaleDateTime>2026-01-28T16:41:47.000</LastSaleDateTime>
      <ItemType>1</ItemType>
      <ItemName>לקט להקפצה חגיגה ירו</ItemName>
      <ManufactureName>לא ידוע</ManufactureName>
      <ManufactureCountry>לא ידוע</ManufactureCountry>
      <ManufactureItemDescription>לקט להקפצה חגיגה ירו</ManufactureItemDescription>
      <UnitQty>גרם</UnitQty>
      <Quantity>800.00</Quantity>
      <UnitOfMeasure>100 גרם</UnitOfMeasure>
      <bIsWeighted>0</bIsWeighted>
      <QtyInPackage>לא ידוע</QtyInPackage>
      <ItemPrice>22.90</ItemPrice>
      <UnitOfMeasurePrice>2.86</UnitOfMeasurePrice>
      <AllowDiscount>1</AllowDiscount>
      <ItemStatus/>
    </Item>
    <Item>
      <PriceUpdateTime>2025-04-11T08:19:47.000</PriceUpdateTime>
      <ItemCode>7290010984909</ItemCode>
      <LastSaleDateTime>2026-01-22T15:44:27.000</LastSaleDateTime>
      <ItemType>1</ItemType>
      <ItemName>כוסברה מגשית 70ג רמי</ItemName>
      <ManufactureName>לא ידוע</ManufactureName>
      <ManufactureCountry>לא ידוע</ManufactureCountry>
      <ManufactureItemDescription>כוסברה מגשית 70ג רמי</ManufactureItemDescription>
      <UnitQty>גרם</UnitQty>
      <Quantity>70.00</Quantity>
      <UnitOfMeasure>100 גרם</UnitOfMeasure>
      <bIsWeighted>0</bIsWeighted>
      <QtyInPackage>לא ידוע</QtyInPackage>
      <ItemPrice>8.00</ItemPrice>
      <UnitOfMeasurePrice>11.43</UnitOfMeasurePrice>
      <AllowDiscount>1</AllowDiscount>
      <ItemStatus/>
    </Item>
    <Item>
      <PriceUpdateTime>2025-04-11T08:19:47.000</PriceUpdateTime>
      <ItemCode>7290010984923</ItemCode>
      <LastSaleDateTime>2026-01-29T15:19:42.000</LastSaleDateTime>
      <ItemType>1</ItemType>
      <ItemName>שום כתוש מגשית 80ג ר</ItemName>
      <ManufactureName>לא ידוע</ManufactureName>
      <ManufactureCountry>לא ידוע</ManufactureCountry>
      <ManufactureItemDescription>שום כתוש מגשית 80ג ר</ManufactureItemDescription>
      <UnitQty>גרם</UnitQty>
      <Quantity>80.00</Quantity>
      <UnitOfMeasure>100 גרם</UnitOfMeasure>
      <bIsWeighted>0</bIsWeighted>
      <QtyInPackage>לא ידוע</QtyInPackage>
      <ItemPrice>8.00</ItemPrice>
      <UnitOfMeasurePrice>10.00</UnitOfMeasurePrice>
      <AllowDiscount>1</AllowDiscount>
      <ItemStatus/>
    </Item>
    <Item>
      <PriceUpdateTime>2025-04-11T08:19:54.000</PriceUpdateTime>
      <ItemCode>7290018989616</ItemCode>
      <LastSaleDateTime>2026-01-29T16:55:51.000</LastSaleDateTime>
      <ItemType>1</ItemType>
      <ItemName>שעועית לבנה קפואה 60</ItemName>
      <ManufactureName>לא ידוע</ManufactureName>
      <ManufactureCountry>לא ידוע</ManufactureCountry>
      <ManufactureItemDescription>שעועית לבנה קפואה 60</ManufactureItemDescription>
      <UnitQty>גרם</UnitQty>
      <Quantity>600.00</Quantity>
      <UnitOfMeasure>100 גרם</UnitOfMeasure>
      <bIsWeighted>0</bIsWeighted>
      <QtyInPackage>לא ידוע</QtyInPackage>
      <ItemPrice>14.90</ItemPrice>
      <UnitOfMeasurePrice>2.48</UnitOfMeasurePrice>
      <AllowDiscount>1</AllowDiscount>
      <ItemStatus/>
    </Item>
    <Item>
      <PriceUpdateTime>2025-04-11T08:20:23.000</PriceUpdateTime>
      <ItemCode>6936745600783</ItemCode>
      <LastSaleDateTime>2026-01-22T11:48:04.000</LastSaleDateTime>
      <ItemType>1</ItemType>
      <ItemName>חומץ אורז 500 מ"ל (ד</ItemName>
      <ManufactureName>מזרח ומערב</ManufactureName>
      <ManufactureCountry>לא ידוע</ManufactureCountry>
      <ManufactureItemDescription>חומץ אורז 500 מ"ל (ד</ManufactureItemDescription>
      <UnitQty>לא ידוע</UnitQty>
      <Quantity>500.00</Quantity>
      <UnitOfMeasure>100 מ"ל</UnitOfMeasure>
      <bIsWeighted>0</bIsWeighted>
      <QtyInPackage>לא ידוע</QtyInPackage>
      <ItemPrice>14.80</ItemPrice>
      <UnitOfMeasurePrice>0.03</UnitOfMeasurePrice>
      <AllowDiscount>1</AllowDiscount>
      <ItemStatus/>
    </Item>
    <Item>
      <PriceUpdateTime>2025-04-11T08:20:28.000</PriceUpdateTime>
      <ItemCode>7290002111665</ItemCode>
      <LastSaleDateTime>2026-01-29T15:39:10.000</LastSaleDateTime>
      <ItemType>1</ItemType>
      <ItemName>פרי מבורך רוטב עגבני</ItemName>
      <ManufactureName>פרי מבורך</ManufactureName>
      <ManufactureCountry>לא ידוע</ManufactureCountry>
      <ManufactureItemDescription>פרי מבורך רוטב עגבני</ManufactureItemDescription>
      <UnitQty>גרם</UnitQty>
      <Quantity>580.00</Quantity>
      <UnitOfMeasure>100 גרם</UnitOfMeasure>
      <bIsWeighted>0</bIsWeighted>
      <QtyInPackage>לא ידוע</QtyInPackage>
      <ItemPrice>10.80</ItemPrice>
      <UnitOfMeasurePrice>1.86</UnitOfMeasurePrice>
      <AllowDiscount>1</AllowDiscount>
      <ItemStatus/>
    </Item>
    <Item>
      <PriceUpdateTime>2025-04-11T08:20:31.000</PriceUpdateTime>
      <ItemCode>7290003438020</ItemCode>
      <LastSaleDateTime>2026-01-28T19:24:12.000</LastSaleDateTime>
      <ItemType>1</ItemType>
      <ItemName>ממרח עגבניות מיובשות</ItemName>
      <ManufactureName>אוליביה</ManufactureName>
      <ManufactureCountry>ישראל</ManufactureCountry>
      <ManufactureItemDescription>ממרח עגבניות מיובשות</ManufactureItemDescription>
      <UnitQty>גרם</UnitQty>
      <Quantity>190.00</Quantity>
      <UnitOfMeasure>100 גרם</UnitOfMeasure>
      <bIsWeighted>0</bIsWeighted>
      <QtyInPackage>לא ידוע</QtyInPackage>
      <ItemPrice>14.50</ItemPrice>
      <UnitOfMeasurePrice>7.63</UnitOfMeasurePrice>
      <AllowDiscount>1</AllowDiscount>
      <ItemStatus/>
    </Item>
    <Item>
      <PriceUpdateTime>2025-04-11T08:20:33.000</PriceUpdateTime>
      <ItemCode>7290004064389</ItemCode>
      <LastSaleDateTime>2026-01-29T09:41:28.000</LastSaleDateTime>
      <ItemType>1</ItemType>
      <ItemName>מלח הימלאיה דק מלחיי</ItemName>
      <ManufactureName>לא ידוע</ManufactureName>
      <ManufactureCountry>לא ידוע</ManufactureCountry>
      <ManufactureItemDescription>מלח הימלאיה דק מלחיי</ManufactureItemDescription>
      <UnitQty>גרם</UnitQty>
      <Quantity>250.00</Quantity>
      <UnitOfMeasure>100 גרם</UnitOfMeasure>
      <bIsWeighted>0</bIsWeighted>
      <QtyInPackage>לא ידוע</QtyInPackage>
      <ItemPrice>9.90</ItemPrice>
      <UnitOfMeasurePrice>3.96</UnitOfMeasurePrice>
      <AllowDiscount>1</AllowDiscount>
      <ItemStatus/>
    </Item>
    <Item>
      <PriceUpdateTime>2025-04-11T08:20:33.000</PriceUpdateTime>
      <ItemCode>7290005938245</ItemCode>
      <LastSaleDateTime>2026-01-22T12:55:18.000</LastSaleDateTime>
      <ItemType>1</ItemType>
      <ItemName>ממרח פסטו קלאסי פרסק</ItemName>
      <ManufactureName>פרסקו</ManufactureName>
      <ManufactureCountry>לא ידוע</ManufactureCountry>
      <ManufactureItemDescription>ממרח פסטו קלאסי פרסק</ManufactureItemDescription>
      <UnitQty>גרם</UnitQty>
      <Quantity>220.00</Quantity>
      <UnitOfMeasure>100 גרם</UnitOfMeasure>
      <bIsWeighted>0</bIsWeighted>
      <QtyInPackage>לא ידוע</QtyInPackage>
      <ItemPrice>17.90</ItemPrice>
      <UnitOfMeasurePrice>8.14</UnitOfMeasurePrice>
      <AllowDiscount>1</AllowDiscount>
      <ItemStatus/>
    </Item>
    <Item>
      <PriceUpdateTime>2025-04-11T08:20:33.000</PriceUpdateTime>
      <ItemCode>7290005938603</ItemCode>
      <LastSaleDateTime>2026-01-28T16:33:51.000</LastSaleDateTime>
      <ItemType>1</ItemType>
      <ItemName>טפנד זיתים שחורים 22</ItemName>
      <ManufactureName>נטו מלינדה</ManufactureName>
      <ManufactureCountry>לא ידוע</ManufactureCountry>
      <ManufactureItemDescription>טפנד זיתים שחורים 22</ManufactureItemDescription>
      <UnitQty>גרם</UnitQty>
      <Quantity>220.00</Quantity>
      <UnitOfMeasure>100 גרם</UnitOfMeasure>
      <bIsWeighted>0</bIsWeighted>
      <QtyInPackage>לא ידוע</QtyInPackage>
      <ItemPrice>17.90</ItemPrice>
      <UnitOfMeasurePrice>8.14</UnitOfMeasurePrice>
      <AllowDiscount>1</AllowDiscount>
      <ItemStatus/>
    </Item>
    <Item>
      <PriceUpdateTime>2025-04-11T08:20:33.000</PriceUpdateTime>
      <ItemCode>7290005287206</ItemCode>
      <LastSaleDateTime>2026-01-29T17:13:30.000</LastSaleDateTime>
      <ItemType>1</ItemType>
      <ItemName>טונה סטארקיסט רביעיו</ItemName>
      <ManufactureName>סטארקיסט</ManufactureName>
      <ManufactureCountry>ישראל</ManufactureCountry>
      <ManufactureItemDescription>טונה ס.ק בשמן 160גר 'רביע</ManufactureItemDescription>
      <UnitQty>גרם</UnitQty>
      <Quantity>448.00</Quantity>
      <UnitOfMeasure>100 גרם</UnitOfMeasure>
      <bIsWeighted>0</bIsWeighted>
      <QtyInPackage>לא ידוע</QtyInPackage>
      <ItemPrice>24.90</ItemPrice>
      <UnitOfMeasurePrice>5.56</UnitOfMeasurePrice>
      <AllowDiscount>1</AllowDiscount>
      <ItemStatus/>
    </Item>
    <Item>
      <PriceUpdateTime>2025-04-11T08:20:40.000</PriceUpdateTime>
      <ItemCode>7290013144249</ItemCode>
      <LastSaleDateTime>2026-01-29T14:46:14.000</LastSaleDateTime>
      <ItemType>1</ItemType>
      <ItemName>מיימונס פודינג שוקול</ItemName>
      <ManufactureName>מימונס</ManufactureName>
      <ManufactureCountry>ישראל</ManufactureCountry>
      <ManufactureItemDescription>פודינג שוקולד 95 גרם</ManufactureItemDescription>
      <UnitQty>גרם</UnitQty>
      <Quantity>95.00</Quantity>
      <UnitOfMeasure>100 גרם</UnitOfMeasure>
      <bIsWeighted>0</bIsWeighted>
      <QtyInPackage>לא ידוע</QtyInPackage>
      <ItemPrice>4.80</ItemPrice>
      <UnitOfMeasurePrice>5.05</UnitOfMeasurePrice>
      <AllowDiscount>1</AllowDiscount>
      <ItemStatus/>
    </Item>
    <Item>
      <PriceUpdateTime>2025-04-11T08:20:40.000</PriceUpdateTime>
      <ItemCode>7290013145826</ItemCode>
      <LastSaleDateTime>2026-01-29T15:02:34.000</LastSaleDateTime>
      <ItemType>1</ItemType>
      <ItemName>פודינג בטעם וניל לבן</ItemName>
      <ManufactureName>מימונס</ManufactureName>
      <ManufactureCountry>ישראל</ManufactureCountry>
      <ManufactureItemDescription>פודינג בטעם וניל לבן במיו</ManufactureItemDescription>
      <UnitQty>גרם</UnitQty>
      <Quantity>80.00</Quantity>
      <UnitOfMeasure>100 גרם</UnitOfMeasure>
      <bIsWeighted>0</bIsWeighted>
      <QtyInPackage>לא ידוע</QtyInPackage>
      <ItemPrice>4.80</ItemPrice>
      <UnitOfMeasurePrice>6.00</UnitOfMeasurePrice>
      <AllowDiscount>1</AllowDiscount>
      <ItemStatus/>
    </Item>
    <Item>
      <PriceUpdateTime>2025-04-11T08:20:43.000</PriceUpdateTime>
      <ItemCode>7290015150088</ItemCode>
      <LastSaleDateTime>2026-01-28T16:29:23.000</LastSaleDateTime>
      <ItemType>1</ItemType>
      <ItemName>מחית עגבניות בלה איט</ItemName>
      <ManufactureName>לא ידוע</ManufactureName>
      <ManufactureCountry>לא ידוע</ManufactureCountry>
      <ManufactureItemDescription>מחית עגבניות בלה איט</ManufactureItemDescription>
      <UnitQty>גרם</UnitQty>
      <Quantity>700.00</Quantity>
      <UnitOfMeasure>100 גרם</UnitOfMeasure>
      <bIsWeighted>0</bIsWeighted>
      <QtyInPackage>לא ידוע</QtyInPackage>
      <ItemPrice>13.90</ItemPrice>
      <UnitOfMeasurePrice>1.99</UnitOfMeasurePrice>
      <AllowDiscount>1</AllowDiscount>
      <ItemStatus/>
    </Item>
    <Item>
      <PriceUpdateTime>2025-04-11T08:20:54.000</PriceUpdateTime>
      <ItemCode>7290019333203</ItemCode>
      <LastSaleDateTime>2026-01-28T21:38:42.000</LastSaleDateTime>
      <ItemType>1</ItemType>
      <ItemName>זיתים שלמים שחורים 3</ItemName>
      <ManufactureName>לא ידוע</ManufactureName>
      <ManufactureCountry>לא ידוע</ManufactureCountry>
      <ManufactureItemDescription>זיתים שלמים שחורים 3</ManufactureItemDescription>
      <UnitQty>גרם</UnitQty>
      <Quantity>340.00</Quantity>
      <UnitOfMeasure>100 גרם</UnitOfMeasure>
      <bIsWeighted>0</bIsWeighted>
      <QtyInPackage>לא ידוע</QtyInPackage>
      <ItemPrice>14.90</ItemPrice>
      <UnitOfMeasurePrice>4.38</UnitOfMeasurePrice>
      <AllowDiscount>1</AllowDiscount>
      <ItemStatus/>
    </Item>
    <Item>
      <PriceUpdateTime>2025-04-11T08:21:00.000</PriceUpdateTime>
      <ItemCode>7290110559014</ItemCode>
      <LastSaleDateTime>2026-01-22T19:53:08.000</LastSaleDateTime>
      <ItemType>1</ItemType>
      <ItemName>שעועית שחורה 380גר ט</ItemName>
      <ManufactureName>לא ידוע</ManufactureName>
      <ManufactureCountry>לא ידוע</ManufactureCountry>
      <ManufactureItemDescription>שעועית שחורה 380גר ט</ManufactureItemDescription>
      <UnitQty>גרם</UnitQty>
      <Quantity>380.00</Quantity>
      <UnitOfMeasure>100 גרם</UnitOfMeasure>
      <bIsWeighted>0</bIsWeighted>
      <QtyInPackage>לא ידוע</QtyInPackage>
      <ItemPrice>6.90</ItemPrice>
      <UnitOfMeasurePrice>1.82</UnitOfMeasurePrice>
      <AllowDiscount>1</AllowDiscount>
      <ItemStatus/>
    </Item>
    <Item>
      <PriceUpdateTime>2025-04-11T08:21:00.000</PriceUpdateTime>
      <ItemCode>7290112011930</ItemCode>
      <LastSaleDateTime>2026-01-22T11:05:31.000</LastSaleDateTime>
      <ItemType>1</ItemType>
      <ItemName>רוטב סויה 550 גרם רמ</ItemName>
      <ManufactureName>לא ידוע</ManufactureName>
      <ManufactureCountry>לא ידוע</ManufactureCountry>
      <ManufactureItemDescription>רוטב סויה 550 גרם רמ</ManufactureItemDescription>
      <UnitQty>גרם</UnitQty>
      <Quantity>550.00</Quantity>
      <UnitOfMeasure>100 גרם</UnitOfMeasure>
      <bIsWeighted>0</bIsWeighted>
      <QtyInPackage>לא ידוע</QtyInPackage>
      <ItemPrice>10.00</ItemPrice>
      <UnitOfMeasurePrice>1.82</UnitOfMeasurePrice>
      <AllowDiscount>1</AllowDiscount>
      <ItemStatus/>
    </Item>
    <Item>
      <PriceUpdateTime>2025-04-11T08:21:01.000</PriceUpdateTime>
      <ItemCode>7290112013767</ItemCode>
      <LastSaleDateTime>2026-01-22T12:17:33.000</LastSaleDateTime>
      <ItemType>1</ItemType>
      <ItemName>רמי לוי רוטב אלף האי</ItemName>
      <ManufactureName>לא ידוע</ManufactureName>
      <ManufactureCountry>לא ידוע</ManufactureCountry>
      <ManufactureItemDescription>רמי לוי רוטב אלף האי</ManufactureItemDescription>
      <UnitQty>גרם</UnitQty>
      <Quantity>500.00</Quantity>
      <UnitOfMeasure>100 גרם</UnitOfMeasure>
      <bIsWeighted>0</bIsWeighted>
      <QtyInPackage>לא ידוע</QtyInPackage>
      <ItemPrice>10.00</ItemPrice>
      <UnitOfMeasurePrice>2.00</UnitOfMeasurePrice>
      <AllowDiscount>1</AllowDiscount>
      <ItemStatus/>
    </Item>
    <Item>
      <PriceUpdateTime>2025-04-11T08:21:04.000</PriceUpdateTime>
      <ItemCode>7290113192317</ItemCode>
      <LastSaleDateTime>2026-01-22T11:34:28.000</LastSaleDateTime>
      <ItemType>1</ItemType>
      <ItemName>טבעות זיתים שחורים 2</ItemName>
      <ManufactureName>לא ידוע</ManufactureName>
      <ManufactureCountry>לא ידוע</ManufactureCountry>
      <ManufactureItemDescription>טבעות זיתים שחורים 2</ManufactureItemDescription>
      <UnitQty>גרם</UnitQty>
      <Quantity>280.00</Quantity>
      <UnitOfMeasure>100 גרם</UnitOfMeasure>
      <bIsWeighted>0</bIsWeighted>
      <QtyInPackage>לא ידוע</QtyInPackage>
      <ItemPrice>12.90</ItemPrice>
      <UnitOfMeasurePrice>4.61</UnitOfMeasurePrice>
      <AllowDiscount>1</AllowDiscount>
      <ItemStatus/>
    </Item>
    <Item>
      <PriceUpdateTime>2025-04-11T08:21:05.000</PriceUpdateTime>
      <ItemCode>7290113193000</ItemCode>
      <LastSaleDateTime>2026-01-22T21:24:15.000</LastSaleDateTime>
      <ItemType>1</ItemType>
      <ItemName>פלפל שיפקונית 230 גר</ItemName>
      <ManufactureName>לא ידוע</ManufactureName>
      <ManufactureCountry>לא ידוע</ManufactureCountry>
      <ManufactureItemDescription>פלפל שיפקונית 230 גר</ManufactureItemDescription>
      <UnitQty>גרם</UnitQty>
      <Quantity>230.00</Quantity>
      <UnitOfMeasure>100 גרם</UnitOfMeasure>
      <bIsWeighted>0</bIsWeighted>
      <QtyInPackage>לא ידוע</QtyInPackage>
      <ItemPrice>11.90</ItemPrice>
      <UnitOfMeasurePrice>5.17</UnitOfMeasurePrice>
      <AllowDiscount>1</AllowDiscount>
      <ItemStatus/>
    </Item>
    <Item>
      <PriceUpdateTime>2025-04-11T08:21:05.000</PriceUpdateTime>
      <ItemCode>7290113193406</ItemCode>
      <LastSaleDateTime>2026-01-22T12:50:59.000</LastSaleDateTime>
      <ItemType>1</ItemType>
      <ItemName>זיתים טבעות קוקטייל</ItemName>
      <ManufactureName>לא ידוע</ManufactureName>
      <ManufactureCountry>לא ידוע</ManufactureCountry>
      <ManufactureItemDescription>זיתים טבעות קוקטייל</ManufactureItemDescription>
      <UnitQty>גרם</UnitQty>
      <Quantity>280.00</Quantity>
      <UnitOfMeasure>100 גרם</UnitOfMeasure>
      <bIsWeighted>0</bIsWeighted>
      <QtyInPackage>לא ידוע</QtyInPackage>
      <ItemPrice>14.90</ItemPrice>
      <UnitOfMeasurePrice>5.32</UnitOfMeasurePrice>
      <AllowDiscount>1</AllowDiscount>
      <ItemStatus/>
    </Item>
    <Item>
      <PriceUpdateTime>2025-04-11T08:21:07.000</PriceUpdateTime>
      <ItemCode>7290116534237</ItemCode>
      <LastSaleDateTime>2026-01-29T12:19:24.000</LastSaleDateTime>
      <ItemType>1</ItemType>
      <ItemName>בקבוק רוטב טריאקי 37</ItemName>
      <ManufactureName>לא ידוע</ManufactureName>
      <ManufactureCountry>לא ידוע</ManufactureCountry>
      <ManufactureItemDescription>בקבוק רוטב טריאקי 37</ManufactureItemDescription>
      <UnitQty>לא ידוע</UnitQty>
      <Quantity>370.00</Quantity>
      <UnitOfMeasure>100 מ"ל</UnitOfMeasure>
      <bIsWeighted>0</bIsWeighted>
      <QtyInPackage>לא ידוע</QtyInPackage>
      <ItemPrice>11.90</ItemPrice>
      <UnitOfMeasurePrice>0.03</UnitOfMeasurePrice>
      <AllowDiscount>1</AllowDiscount>
      <ItemStatus/>
    </Item>
    <Item>
      <PriceUpdateTime>2025-04-11T08:21:10.000</PriceUpdateTime>
      <ItemCode>7290117905494</ItemCode>
      <LastSaleDateTime>2026-01-22T20:11:56.000</LastSaleDateTime>
      <ItemType>1</ItemType>
      <ItemName>חלבה וניל 400 גרם</ItemName>
      <ManufactureName>לא ידוע</ManufactureName>
      <ManufactureCountry>לא ידוע</ManufactureCountry>
      <ManufactureItemDescription>חלבה וניל 400 גרם</ManufactureItemDescription>
      <UnitQty>גרם</UnitQty>
      <Quantity>400.00</Quantity>
      <UnitOfMeasure>100 גרם</UnitOfMeasure>
      <bIsWeighted>0</bIsWeighted>
      <QtyInPackage>לא ידוע</QtyInPackage>
      <ItemPrice>15.90</ItemPrice>
      <UnitOfMeasurePrice>3.98</UnitOfMeasurePrice>
      <AllowDiscount>1</AllowDiscount>
      <ItemStatus/>
    </Item>
    <Item>
      <PriceUpdateTime>2025-04-11T08:21:37.000</PriceUpdateTime>
      <ItemCode>5601228115832</ItemCode>
      <LastSaleDateTime>2026-01-29T19:15:31.000</LastSaleDateTime>
      <ItemType>1</ItemType>
      <ItemName>אורז לסושי 1קג</ItemName>
      <ManufactureName>לא ידוע</ManufactureName>
      <ManufactureCountry>לא ידוע</ManufactureCountry>
      <ManufactureItemDescription>אורז לסושי 1קג</ManufactureItemDescription>
      <UnitQty>לא ידוע</UnitQty>
      <Quantity>1.00</Quantity>
      <UnitOfMeasure>יח'</UnitOfMeasure>
      <bIsWeighted>0</bIsWeighted>
      <QtyInPackage>לא ידוע</QtyInPackage>
      <ItemPrice>14.90</ItemPrice>
      <UnitOfMeasurePrice>14.90</UnitOfMeasurePrice>
      <AllowDiscount>1</AllowDiscount>
      <ItemStatus/>
    </Item>
    <Item>
      <PriceUpdateTime>2025-04-11T08:21:45.000</PriceUpdateTime>
      <ItemCode>7290015603638</ItemCode>
      <LastSaleDateTime>2026-01-22T11:48:04.000</LastSaleDateTime>
      <ItemType>1</ItemType>
      <ItemName>אורז קלרוז 1 ק"ג (כ)</ItemName>
      <ManufactureName>MINH PHONG GREEN</ManufactureName>
      <ManufactureCountry>לא ידוע</ManufactureCountry>
      <ManufactureItemDescription>אורז קלרוז 1 ק"ג (כ)</ManufactureItemDescription>
      <UnitQty>לא ידוע</UnitQty>
      <Quantity>1.00</Quantity>
      <UnitOfMeasure>יח'</UnitOfMeasure>
      <bIsWeighted>0</bIsWeighted>
      <QtyInPackage>לא ידוע</QtyInPackage>
      <ItemPrice>11.40</ItemPrice>
      <UnitOfMeasurePrice>11.40</UnitOfMeasurePrice>
      <AllowDiscount>1</AllowDiscount>
      <ItemStatus/>
    </Item>
    <Item>
      <PriceUpdateTime>2025-04-11T08:21:53.000</PriceUpdateTime>
      <ItemCode>7290112199133</ItemCode>
      <LastSaleDateTime>2026-01-29T17:26:53.000</LastSaleDateTime>
      <ItemType>1</ItemType>
      <ItemName>ניוקי תפוא ללא גלוטן</ItemName>
      <ManufactureName>לא ידוע</ManufactureName>
      <ManufactureCountry>לא ידוע</ManufactureCountry>
      <ManufactureItemDescription>ניוקי תפוא ללא גלוטן</ManufactureItemDescription>
      <UnitQty>גרם</UnitQty>
      <Quantity>500.00</Quantity>
      <UnitOfMeasure>100 גרם</UnitOfMeasure>
      <bIsWeighted>0</bIsWeighted>
      <QtyInPackage>לא ידוע</QtyInPackage>
      <ItemPrice>13.90</ItemPrice>
      <UnitOfMeasurePrice>2.78</UnitOfMeasurePrice>
      <AllowDiscount>1</AllowDiscount>
      <ItemStatus/>
    </Item>
    <Item>
      <PriceUpdateTime>2025-04-11T08:21:53.000</PriceUpdateTime>
      <ItemCode>7290112199959</ItemCode>
      <LastSaleDateTime>2026-01-29T15:20:37.000</LastSaleDateTime>
      <ItemType>1</ItemType>
      <ItemName>גרנולה פירות ושוקולד</ItemName>
      <ManufactureName>לא ידוע</ManufactureName>
      <ManufactureCountry>לא ידוע</ManufactureCountry>
      <ManufactureItemDescription>גרנולה פירות ושוקולד</ManufactureItemDescription>
      <UnitQty>גרם</UnitQty>
      <Quantity>300.00</Quantity>
      <UnitOfMeasure>100 גרם</UnitOfMeasure>
      <bIsWeighted>0</bIsWeighted>
      <QtyInPackage>לא ידוע</QtyInPackage>
      <ItemPrice>19.90</ItemPrice>
      <UnitOfMeasurePrice>6.63</UnitOfMeasurePrice>
      <AllowDiscount>1</AllowDiscount>
      <ItemStatus/>
    </Item>
    <Item>
      <PriceUpdateTime>2025-04-11T08:22:14.000</PriceUpdateTime>
      <ItemCode>77245110610</ItemCode>
      <LastSaleDateTime>2026-01-28T16:16:03.000</LastSaleDateTime>
      <ItemType>1</ItemType>
      <ItemName>סוכריות בטעם מנטה לל</ItemName>
      <ManufactureName>עלית</ManufactureName>
      <ManufactureCountry>לא ידוע</ManufactureCountry>
      <ManufactureItemDescription>סוכריות בטעם מנטה לל</ManufactureItemDescription>
      <UnitQty>גרם</UnitQty>
      <Quantity>80.00</Quantity>
      <UnitOfMeasure>100 גרם</UnitOfMeasure>
      <bIsWeighted>0</bIsWeighted>
      <QtyInPackage>לא ידוע</QtyInPackage>
      <ItemPrice>7.90</ItemPrice>
      <UnitOfMeasurePrice>9.88</UnitOfMeasurePrice>
      <AllowDiscount>1</AllowDiscount>
      <ItemStatus/>
    </Item>
    <Item>
      <PriceUpdateTime>2025-04-11T08:22:18.000</PriceUpdateTime>
      <ItemCode>3850158301088</ItemCode>
      <LastSaleDateTime>2015-01-01T00:00:00.000</LastSaleDateTime>
      <ItemType>1</ItemType>
      <ItemName>משקה אלכוהולי סליבוב</ItemName>
      <ManufactureName>לא ידוע</ManufactureName>
      <ManufactureCountry>לא ידוע</ManufactureCountry>
      <ManufactureItemDescription>משקה אלכוהולי סליבוב</ManufactureItemDescription>
      <UnitQty>לא ידוע</UnitQty>
      <Quantity>700.00</Quantity>
      <UnitOfMeasure>100 מ"ל</UnitOfMeasure>
      <bIsWeighted>0</bIsWeighted>
      <QtyInPackage>לא ידוע</QtyInPackage>
      <ItemPrice>105.90</ItemPrice>
      <UnitOfMeasurePrice>0.15</UnitOfMeasurePrice>
      <AllowDiscount>1</AllowDiscount>
      <ItemStatus>2</ItemStatus>
    </Item>
    <Item>
      <PriceUpdateTime>2025-04-11T08:22:18.000</PriceUpdateTime>
      <ItemCode>3850158301088</ItemCode>
      <LastSaleDateTime>2015-01-01T00:00:00.000</LastSaleDateTime>
      <ItemType>1</ItemType>
      <ItemName>משקה אלכוהולי סליבוב</ItemName>
      <ManufactureName>לא ידוע</ManufactureName>
      <ManufactureCountry>לא ידוע</ManufactureCountry>
      <ManufactureItemDescription>משקה אלכוהולי סליבוב</ManufactureItemDescription>
      <UnitQty>לא ידוע</UnitQty>
      <Quantity>700.00</Quantity>
      <UnitOfMeasure>100 מ"ל</UnitOfMeasure>
      <bIsWeighted>0</bIsWeighted>
      <QtyInPackage>לא ידוע</QtyInPackage>
      <ItemPrice>105.90</ItemPrice>
      <UnitOfMeasurePrice>0.15</UnitOfMeasurePrice>
      <AllowDiscount>1</AllowDiscount>
      <ItemStatus/>
    </Item>
    <Item>
      <PriceUpdateTime>2025-04-11T08:22:59.000</PriceUpdateTime>
      <ItemCode>7290111535628</ItemCode>
      <LastSaleDateTime>2015-01-01T00:00:00.000</LastSaleDateTime>
      <ItemType>1</ItemType>
      <ItemName>טורט ריבת חלב 900 גר</ItemName>
      <ManufactureName>לא ידוע</ManufactureName>
      <ManufactureCountry>לא ידוע</ManufactureCountry>
      <ManufactureItemDescription>טורט ריבת חלב 900 גר</ManufactureItemDescription>
      <UnitQty>גרם</UnitQty>
      <Quantity>900.00</Quantity>
      <UnitOfMeasure>100 גרם</UnitOfMeasure>
      <bIsWeighted>0</bIsWeighted>
      <QtyInPackage>לא ידוע</QtyInPackage>
      <ItemPrice>74.90</ItemPrice>
      <UnitOfMeasurePrice>8.32</UnitOfMeasurePrice>
      <AllowDiscount>1</AllowDiscount>
      <ItemStatus>2</ItemStatus>
    </Item>
    <Item>
      <PriceUpdateTime>2025-04-11T08:22:59.000</PriceUpdateTime>
      <ItemCode>7290111535635</ItemCode>
      <LastSaleDateTime>2015-01-01T00:00:00.000</LastSaleDateTime>
      <ItemType>1</ItemType>
      <ItemName>טורט שוקולטה מצופה 9</ItemName>
      <ManufactureName>לא ידוע</ManufactureName>
      <ManufactureCountry>לא ידוע</ManufactureCountry>
      <ManufactureItemDescription>טורט שוקולטה מצופה 9</ManufactureItemDescription>
      <UnitQty>גרם</UnitQty>
      <Quantity>900.00</Quantity>
      <UnitOfMeasure>100 גרם</UnitOfMeasure>
      <bIsWeighted>0</bIsWeighted>
      <QtyInPackage>לא ידוע</QtyInPackage>
      <ItemPrice>74.90</ItemPrice>
      <UnitOfMeasurePrice>8.32</UnitOfMeasurePrice>
      <AllowDiscount>1</AllowDiscount>
      <ItemStatus>2</ItemStatus>
    </Item>
    <Item>
      <PriceUpdateTime>2025-04-11T08:23:25.000</PriceUpdateTime>
      <ItemCode>8809168840471</ItemCode>
      <LastSaleDateTime>2026-01-22T16:52:02.000</LastSaleDateTime>
      <ItemType>1</ItemType>
      <ItemName>חטיף אצות מיובשות 9י</ItemName>
      <ManufactureName>לא ידוע</ManufactureName>
      <ManufactureCountry>לא ידוע</ManufactureCountry>
      <ManufactureItemDescription>חטיף אצות מיובשות 9י</ManufactureItemDescription>
      <UnitQty>לא ידוע</UnitQty>
      <Quantity>1.00</Quantity>
      <UnitOfMeasure>יח'</UnitOfMeasure>
      <bIsWeighted>0</bIsWeighted>
      <QtyInPackage>לא ידוע</QtyInPackage>
      <ItemPrice>19.90</ItemPrice>
      <UnitOfMeasurePrice>19.90</UnitOfMeasurePrice>
      <AllowDiscount>1</AllowDiscount>
      <ItemStatus/>
    </Item>
    <Item>
      <PriceUpdateTime>2025-04-11T08:23:33.000</PriceUpdateTime>
      <ItemCode>4001432773230</ItemCode>
      <LastSaleDateTime>2015-01-01T00:00:00.000</LastSaleDateTime>
      <ItemType>1</ItemType>
      <ItemName>בלו ווין מוסקטו 1לי</ItemName>
      <ManufactureName>לא ידוע</ManufactureName>
      <ManufactureCountry>לא ידוע</ManufactureCountry>
      <ManufactureItemDescription>בלו ווין מוסקטו 1לי</ManufactureItemDescription>
      <UnitQty>לא ידוע</UnitQty>
      <Quantity>1.00</Quantity>
      <UnitOfMeasure>יח'</UnitOfMeasure>
      <bIsWeighted>0</bIsWeighted>
      <QtyInPackage>לא ידוע</QtyInPackage>
      <ItemPrice>44.90</ItemPrice>
      <UnitOfMeasurePrice>44.90</UnitOfMeasurePrice>
      <AllowDiscount>1</AllowDiscount>
      <ItemStatus>2</ItemStatus>
    </Item>
    <Item>
      <PriceUpdateTime>2025-04-11T08:23:33.000</PriceUpdateTime>
      <ItemCode>4001432773230</ItemCode>
      <LastSaleDateTime>2015-01-01T00:00:00.000</LastSaleDateTime>
      <ItemType>1</ItemType>
      <ItemName>בלו ווין מוסקטו 1לי</ItemName>
      <ManufactureName>לא ידוע</ManufactureName>
      <ManufactureCountry>לא ידוע</ManufactureCountry>
      <ManufactureItemDescription>בלו ווין מוסקטו 1לי</ManufactureItemDescription>
      <UnitQty>לא ידוע</UnitQty>
      <Quantity>1.00</Quantity>
      <UnitOfMeasure>יח'</UnitOfMeasure>
      <bIsWeighted>0</bIsWeighted>
      <QtyInPackage>לא ידוע</QtyInPackage>
      <ItemPrice>44.90</ItemPrice>
      <UnitOfMeasurePrice>44.90</UnitOfMeasurePrice>
      <AllowDiscount>1</AllowDiscount>
      <ItemStatus/>
    </Item>
    <Item>
      <PriceUpdateTime>2025-04-11T08:23:33.000</PriceUpdateTime>
      <ItemCode>3525490011093</ItemCode>
      <LastSaleDateTime>2025-12-23T00:00:00.000</LastSaleDateTime>
      <ItemType>1</ItemType>
      <ItemName>יין לה ז'אמל שרדונה</ItemName>
      <ManufactureName>לא ידוע</ManufactureName>
      <ManufactureCountry>לא ידוע</ManufactureCountry>
      <ManufactureItemDescription>יין לה ז'אמל שרדונה</ManufactureItemDescription>
      <UnitQty>לא ידוע</UnitQty>
      <Quantity>1.00</Quantity>
      <UnitOfMeasure>יח'</UnitOfMeasure>
      <bIsWeighted>0</bIsWeighted>
      <QtyInPackage>לא ידוע</QtyInPackage>
      <ItemPrice>55.30</ItemPrice>
      <UnitOfMeasurePrice>55.30</UnitOfMeasurePrice>
      <AllowDiscount>1</AllowDiscount>
      <ItemStatus/>
    </Item>
    <Item>
      <PriceUpdateTime>2025-04-11T08:23:33.000</PriceUpdateTime>
      <ItemCode>3525490011116</ItemCode>
      <LastSaleDateTime>2026-01-28T13:43:19.000</LastSaleDateTime>
      <ItemType>1</ItemType>
      <ItemName>יין לה ז'אמל קברנה ס</ItemName>
      <ManufactureName>לא ידוע</ManufactureName>
      <ManufactureCountry>לא ידוע</ManufactureCountry>
      <ManufactureItemDescription>יין לה ז'אמל קברנה ס</ManufactureItemDescription>
      <UnitQty>לא ידוע</UnitQty>
      <Quantity>1.00</Quantity>
      <UnitOfMeasure>יח'</UnitOfMeasure>
      <bIsWeighted>0</bIsWeighted>
      <QtyInPackage>לא ידוע</QtyInPackage>
      <ItemPrice>55.30</ItemPrice>
      <UnitOfMeasurePrice>55.30</UnitOfMeasurePrice>
      <AllowDiscount>1</AllowDiscount>
      <ItemStatus/>
    </Item>
    <Item>
      <PriceUpdateTime>2025-04-11T08:23:33.000</PriceUpdateTime>
      <ItemCode>3525490011123</ItemCode>
      <LastSaleDateTime>2026-01-28T13:43:19.000</LastSaleDateTime>
      <ItemType>1</ItemType>
      <ItemName>יין לה ז'אמל רוזה 75</ItemName>
      <ManufactureName>לא ידוע</ManufactureName>
      <ManufactureCountry>לא ידוע</ManufactureCountry>
      <ManufactureItemDescription>יין לה ז'אמל רוזה 75</ManufactureItemDescription>
      <UnitQty>לא ידוע</UnitQty>
      <Quantity>750.00</Quantity>
      <UnitOfMeasure>100 מ"ל</UnitOfMeasure>
      <bIsWeighted>0</bIsWeighted>
      <QtyInPackage>לא ידוע</QtyInPackage>
      <ItemPrice>55.30</ItemPrice>
      <UnitOfMeasurePrice>0.07</UnitOfMeasurePrice>
      <AllowDiscount>1</AllowDiscount>
      <ItemStatus/>
    </Item>
    <Item>
      <PriceUpdateTime>2025-04-11T08:23:34.000</PriceUpdateTime>
      <ItemCode>4022025001905</ItemCode>
      <LastSaleDateTime>2015-01-01T00:00:00.000</LastSaleDateTime>
      <ItemType>1</ItemType>
      <ItemName>בלו מבעבע זהב כשר</ItemName>
      <ManufactureName>לא ידוע</ManufactureName>
      <ManufactureCountry>לא ידוע</ManufactureCountry>
      <ManufactureItemDescription>בלו מבעבע זהב כשר</ManufactureItemDescription>
      <UnitQty>לא ידוע</UnitQty>
      <Quantity>750.00</Quantity>
      <UnitOfMeasure>100 מ"ל</UnitOfMeasure>
      <bIsWeighted>0</bIsWeighted>
      <QtyInPackage>לא ידוע</QtyInPackage>
      <ItemPrice>49.90</ItemPrice>
      <UnitOfMeasurePrice>0.07</UnitOfMeasurePrice>
      <AllowDiscount>1</AllowDiscount>
      <ItemStatus>2</ItemStatus>
    </Item>
    <Item>
      <PriceUpdateTime>2025-04-11T08:23:34.000</PriceUpdateTime>
      <ItemCode>4022025001905</ItemCode>
      <LastSaleDateTime>2015-01-01T00:00:00.000</LastSaleDateTime>
      <ItemType>1</ItemType>
      <ItemName>בלו מבעבע זהב כשר</ItemName>
      <ManufactureName>לא ידוע</ManufactureName>
      <ManufactureCountry>לא ידוע</ManufactureCountry>
      <ManufactureItemDescription>בלו מבעבע זהב כשר</ManufactureItemDescription>
      <UnitQty>לא ידוע</UnitQty>
      <Quantity>750.00</Quantity>
      <UnitOfMeasure>100 מ"ל</UnitOfMeasure>
      <bIsWeighted>0</bIsWeighted>
      <QtyInPackage>לא ידוע</QtyInPackage>
      <ItemPrice>49.90</ItemPrice>
      <UnitOfMeasurePrice>0.07</UnitOfMeasurePrice>
      <AllowDiscount>1</AllowDiscount>
      <ItemStatus/>
    </Item>
    <Item>
      <PriceUpdateTime>2025-04-11T08:23:34.000</PriceUpdateTime>
      <ItemCode>4022025001929</ItemCode>
      <LastSaleDateTime>2025-11-18T00:00:00.000</LastSaleDateTime>
      <ItemType>1</ItemType>
      <ItemName>בלו כחול מבעבע כשר</ItemName>
      <ManufactureName>לא ידוע</ManufactureName>
      <ManufactureCountry>לא ידוע</ManufactureCountry>
      <ManufactureItemDescription>בלו כחול מבעבע כשר</ManufactureItemDescription>
      <UnitQty>לא ידוע</UnitQty>
      <Quantity>750.00</Quantity>
      <UnitOfMeasure>100 מ"ל</UnitOfMeasure>
      <bIsWeighted>0</bIsWeighted>
      <QtyInPackage>לא ידוע</QtyInPackage>
      <ItemPrice>49.90</ItemPrice>
      <UnitOfMeasurePrice>0.07</UnitOfMeasurePrice>
      <AllowDiscount>1</AllowDiscount>
      <ItemStatus/>
    </Item>
    <Item>
      <PriceUpdateTime>2025-04-11T08:23:34.000</PriceUpdateTime>
      <ItemCode>4022025002100</ItemCode>
      <LastSaleDateTime>2015-01-01T00:00:00.000</LastSaleDateTime>
      <ItemType>1</ItemType>
      <ItemName>בלו מבעבע רוזה כשר</ItemName>
      <ManufactureName>לא ידוע</ManufactureName>
      <ManufactureCountry>לא ידוע</ManufactureCountry>
      <ManufactureItemDescription>בלו מבעבע רוזה כשר</ManufactureItemDescription>
      <UnitQty>לא ידוע</UnitQty>
      <Quantity>750.00</Quantity>
      <UnitOfMeasure>100 מ"ל</UnitOfMeasure>
      <bIsWeighted>0</bIsWeighted>
      <QtyInPackage>לא ידוע</QtyInPackage>
      <ItemPrice>49.90</ItemPrice>
      <UnitOfMeasurePrice>0.07</UnitOfMeasurePrice>
      <AllowDiscount>1</AllowDiscount>
      <ItemStatus>2</ItemStatus>
    </Item>
    <Item>
      <PriceUpdateTime>2025-04-11T08:23:34.000</PriceUpdateTime>
      <ItemCode>4022025002100</ItemCode>
      <LastSaleDateTime>2015-01-01T00:00:00.000</LastSaleDateTime>
      <ItemType>1</ItemType>
      <ItemName>בלו מבעבע רוזה כשר</ItemName>
      <ManufactureName>לא ידוע</ManufactureName>
      <ManufactureCountry>לא ידוע</ManufactureCountry>
      <ManufactureItemDescription>בלו מבעבע רוזה כשר</ManufactureItemDescription>
      <UnitQty>לא ידוע</UnitQty>
      <Quantity>750.00</Quantity>
      <UnitOfMeasure>100 מ"ל</UnitOfMeasure>
      <bIsWeighted>0</bIsWeighted>
      <QtyInPackage>לא ידוע</QtyInPackage>
      <ItemPrice>49.90</ItemPrice>
      <UnitOfMeasurePrice>0.07</UnitOfMeasurePrice>
      <AllowDiscount>1</AllowDiscount>
      <ItemStatus/>
    </Item>
    <Item>
      <PriceUpdateTime>2025-04-11T08:23:34.000</PriceUpdateTime>
      <ItemCode>4022025261002</ItemCode>
      <LastSaleDateTime>2025-12-03T00:00:00.000</LastSaleDateTime>
      <ItemType>1</ItemType>
      <ItemName>בלו וויין 750 מ"ל</ItemName>
      <ManufactureName>לא ידוע</ManufactureName>
      <ManufactureCountry>לא ידוע</ManufactureCountry>
      <ManufactureItemDescription>בלו וויין 750 מ"ל</ManufactureItemDescription>
      <UnitQty>לא ידוע</UnitQty>
      <Quantity>750.00</Quantity>
      <UnitOfMeasure>100 מ"ל</UnitOfMeasure>
      <bIsWeighted>0</bIsWeighted>
      <QtyInPackage>לא ידוע</QtyInPackage>
      <ItemPrice>44.90</ItemPrice>
      <UnitOfMeasurePrice>0.06</UnitOfMeasurePrice>
      <AllowDiscount>1</AllowDiscount>
      <ItemStatus/>
    </Item>
    <Item>
      <PriceUpdateTime>2025-04-11T08:23:34.000</PriceUpdateTime>
      <ItemCode>4022025262009</ItemCode>
      <LastSaleDateTime>2026-01-21T17:40:06.000</LastSaleDateTime>
      <ItemType>1</ItemType>
      <ItemName>יין בלו נאן גוורץ 75</ItemName>
      <ManufactureName>לא ידוע</ManufactureName>
      <ManufactureCountry>לא ידוע</ManufactureCountry>
      <ManufactureItemDescription>יין בלו נאן גוורץ 75</ManufactureItemDescription>
      <UnitQty>מטרים</UnitQty>
      <Quantity>750.00</Quantity>
      <UnitOfMeasure>100 מ'ל</UnitOfMeasure>
      <bIsWeighted>0</bIsWeighted>
      <QtyInPackage>לא ידוע</QtyInPackage>
      <ItemPrice>44.90</ItemPrice>
      <UnitOfMeasurePrice>0.06</UnitOfMeasurePrice>
      <AllowDiscount>1</AllowDiscount>
      <ItemStatus/>
    </Item>
    <Item>
      <PriceUpdateTime>2025-04-11T08:23:34.000</PriceUpdateTime>
      <ItemCode>4022025290309</ItemCode>
      <LastSaleDateTime>2015-01-01T00:00:00.000</LastSaleDateTime>
      <ItemType>1</ItemType>
      <ItemName>יין בלו נאן פינק 750</ItemName>
      <ManufactureName>לא ידוע</ManufactureName>
      <ManufactureCountry>לא ידוע</ManufactureCountry>
      <ManufactureItemDescription>יין בלו נאן פינק 750</ManufactureItemDescription>
      <UnitQty>מטרים</UnitQty>
      <Quantity>750.00</Quantity>
      <UnitOfMeasure>100 מ'ל</UnitOfMeasure>
      <bIsWeighted>0</bIsWeighted>
      <QtyInPackage>לא ידוע</QtyInPackage>
      <ItemPrice>44.90</ItemPrice>
      <UnitOfMeasurePrice>0.06</UnitOfMeasurePrice>
      <AllowDiscount>1</AllowDiscount>
      <ItemStatus>2</ItemStatus>
    </Item>
    <Item>
      <PriceUpdateTime>2025-04-11T08:23:34.000</PriceUpdateTime>
      <ItemCode>4022025290309</ItemCode>
      <LastSaleDateTime>2015-01-01T00:00:00.000</LastSaleDateTime>
      <ItemType>1</ItemType>
      <ItemName>יין בלו נאן פינק 750</ItemName>
      <ManufactureName>לא ידוע</ManufactureName>
      <ManufactureCountry>לא ידוע</ManufactureCountry>
      <ManufactureItemDescription>יין בלו נאן פינק 750</ManufactureItemDescription>
      <UnitQty>מטרים</UnitQty>
      <Quantity>750.00</Quantity>
      <UnitOfMeasure>100 מ'ל</UnitOfMeasure>
      <bIsWeighted>0</bIsWeighted>
      <QtyInPackage>לא ידוע</QtyInPackage>
      <ItemPrice>44.90</ItemPrice>
      <UnitOfMeasurePrice>0.06</UnitOfMeasurePrice>
      <AllowDiscount>1</AllowDiscount>
      <ItemStatus/>
    </Item>
    <Item>
      <PriceUpdateTime>2025-04-11T08:23:35.000</PriceUpdateTime>
      <ItemCode>4022025290408</ItemCode>
      <LastSaleDateTime>2015-01-01T00:00:00.000</LastSaleDateTime>
      <ItemType>1</ItemType>
      <ItemName>בלו ווין רוזה כשר</ItemName>
      <ManufactureName>לא ידוע</ManufactureName>
      <ManufactureCountry>לא ידוע</ManufactureCountry>
      <ManufactureItemDescription>בלו ווין רוזה כשר</ManufactureItemDescription>
      <UnitQty>לא ידוע</UnitQty>
      <Quantity>750.00</Quantity>
      <UnitOfMeasure>100 מ"ל</UnitOfMeasure>
      <bIsWeighted>0</bIsWeighted>
      <QtyInPackage>לא ידוע</QtyInPackage>
      <ItemPrice>44.90</ItemPrice>
      <UnitOfMeasurePrice>0.06</UnitOfMeasurePrice>
      <AllowDiscount>1</AllowDiscount>
      <ItemStatus>2</ItemStatus>
    </Item>
    <Item>
      <PriceUpdateTime>2025-04-11T08:23:35.000</PriceUpdateTime>
      <ItemCode>4022025290408</ItemCode>
      <LastSaleDateTime>2015-01-01T00:00:00.000</LastSaleDateTime>
      <ItemType>1</ItemType>
      <ItemName>בלו ווין רוזה כשר</ItemName>
      <ManufactureName>לא ידוע</ManufactureName>
      <ManufactureCountry>לא ידוע</ManufactureCountry>
      <ManufactureItemDescription>בלו ווין רוזה כשר</ManufactureItemDescription>
      <UnitQty>לא ידוע</UnitQty>
      <Quantity>750.00</Quantity>
      <UnitOfMeasure>100 מ"ל</UnitOfMeasure>
      <bIsWeighted>0</bIsWeighted>
      <QtyInPackage>לא ידוע</QtyInPackage>
      <ItemPrice>44.90</ItemPrice>
      <UnitOfMeasurePrice>0.06</UnitOfMeasurePrice>
      <AllowDiscount>1</AllowDiscount>
      <ItemStatus/>
    </Item>
    <Item>
      <PriceUpdateTime>2025-04-11T08:23:35.000</PriceUpdateTime>
      <ItemCode>4740098001669</ItemCode>
      <LastSaleDateTime>2015-01-01T00:00:00.000</LastSaleDateTime>
      <ItemType>1</ItemType>
      <ItemName>קוקטייל קוסמופוליטן</ItemName>
      <ManufactureName>לא ידוע</ManufactureName>
      <ManufactureCountry>לא ידוע</ManufactureCountry>
      <ManufactureItemDescription>קוקטייל קוסמופוליטן</ManufactureItemDescription>
      <UnitQty>לא ידוע</UnitQty>
      <Quantity>330.00</Quantity>
      <UnitOfMeasure>100 מ"ל</UnitOfMeasure>
      <bIsWeighted>0</bIsWeighted>
      <QtyInPackage>לא ידוע</QtyInPackage>
      <ItemPrice>9.90</ItemPrice>
      <UnitOfMeasurePrice>0.03</UnitOfMeasurePrice>
      <AllowDiscount>1</AllowDiscount>
      <ItemStatus>2</ItemStatus>
    </Item>
    <Item>
      <PriceUpdateTime>2025-04-11T08:23:35.000</PriceUpdateTime>
      <ItemCode>4740098001669</ItemCode>
      <LastSaleDateTime>2015-01-01T00:00:00.000</LastSaleDateTime>
      <ItemType>1</ItemType>
      <ItemName>קוקטייל קוסמופוליטן</ItemName>
      <ManufactureName>לא ידוע</ManufactureName>
      <ManufactureCountry>לא ידוע</ManufactureCountry>
      <ManufactureItemDescription>קוקטייל קוסמופוליטן</ManufactureItemDescription>
      <UnitQty>לא ידוע</UnitQty>
      <Quantity>330.00</Quantity>
      <UnitOfMeasure>100 מ"ל</UnitOfMeasure>
      <bIsWeighted>0</bIsWeighted>
      <QtyInPackage>לא ידוע</QtyInPackage>
      <ItemPrice>9.90</ItemPrice>
      <UnitOfMeasurePrice>0.03</UnitOfMeasurePrice>
      <AllowDiscount>1</AllowDiscount>
      <ItemStatus/>
    </Item>
    <Item>
      <PriceUpdateTime>2025-04-11T08:23:35.000</PriceUpdateTime>
      <ItemCode>4740098001683</ItemCode>
      <LastSaleDateTime>2015-01-01T00:00:00.000</LastSaleDateTime>
      <ItemType>1</ItemType>
      <ItemName>קוקטייל פינה קולדה 3</ItemName>
      <ManufactureName>לא ידוע</ManufactureName>
      <ManufactureCountry>לא ידוע</ManufactureCountry>
      <ManufactureItemDescription>קוקטייל פינה קולדה 3</ManufactureItemDescription>
      <UnitQty>לא ידוע</UnitQty>
      <Quantity>330.00</Quantity>
      <UnitOfMeasure>100 מ"ל</UnitOfMeasure>
      <bIsWeighted>0</bIsWeighted>
      <QtyInPackage>לא ידוע</QtyInPackage>
      <ItemPrice>9.90</ItemPrice>
      <UnitOfMeasurePrice>0.03</UnitOfMeasurePrice>
      <AllowDiscount>1</AllowDiscount>
      <ItemStatus>2</ItemStatus>
    </Item>
    <Item>
      <PriceUpdateTime>2025-04-11T08:23:35.000</PriceUpdateTime>
      <ItemCode>4740098001683</ItemCode>
      <LastSaleDateTime>2015-01-01T00:00:00.000</LastSaleDateTime>
      <ItemType>1</ItemType>
      <ItemName>קוקטייל פינה קולדה 3</ItemName>
      <ManufactureName>לא ידוע</ManufactureName>
      <ManufactureCountry>לא ידוע</ManufactureCountry>
      <ManufactureItemDescription>קוקטייל פינה קולדה 3</ManufactureItemDescription>
      <UnitQty>לא ידוע</UnitQty>
      <Quantity>330.00</Quantity>
      <UnitOfMeasure>100 מ"ל</UnitOfMeasure>
      <bIsWeighted>0</bIsWeighted>
      <QtyInPackage>לא ידוע</QtyInPackage>
      <ItemPrice>9.90</ItemPrice>
      <UnitOfMeasurePrice>0.03</UnitOfMeasurePrice>
      <AllowDiscount>1</AllowDiscount>
      <ItemStatus/>
    </Item>
    <Item>
      <PriceUpdateTime>2025-04-11T08:23:35.000</PriceUpdateTime>
      <ItemCode>4740098098331</ItemCode>
      <LastSaleDateTime>2015-01-01T00:00:00.000</LastSaleDateTime>
      <ItemType>1</ItemType>
      <ItemName>קוקטייל בלו לאגון 33</ItemName>
      <ManufactureName>לא ידוע</ManufactureName>
      <ManufactureCountry>לא ידוע</ManufactureCountry>
      <ManufactureItemDescription>קוקטייל בלו לאגון 33</ManufactureItemDescription>
      <UnitQty>לא ידוע</UnitQty>
      <Quantity>330.00</Quantity>
      <UnitOfMeasure>100 מ"ל</UnitOfMeasure>
      <bIsWeighted>0</bIsWeighted>
      <QtyInPackage>לא ידוע</QtyInPackage>
      <ItemPrice>9.90</ItemPrice>
      <UnitOfMeasurePrice>0.03</UnitOfMeasurePrice>
      <AllowDiscount>1</AllowDiscount>
      <ItemStatus>2</ItemStatus>
    </Item>
    <Item>
      <PriceUpdateTime>2025-04-11T08:23:35.000</PriceUpdateTime>
      <ItemCode>4740098098331</ItemCode>
      <LastSaleDateTime>2015-01-01T00:00:00.000</LastSaleDateTime>
      <ItemType>1</ItemType>
      <ItemName>קוקטייל בלו לאגון 33</ItemName>
      <ManufactureName>לא ידוע</ManufactureName>
      <ManufactureCountry>לא ידוע</ManufactureCountry>
      <ManufactureItemDescription>קוקטייל בלו לאגון 33</ManufactureItemDescription>
      <UnitQty>לא ידוע</UnitQty>
      <Quantity>330.00</Quantity>
      <UnitOfMeasure>100 מ"ל</UnitOfMeasure>
      <bIsWeighted>0</bIsWeighted>
      <QtyInPackage>לא ידוע</QtyInPackage>
      <ItemPrice>9.90</ItemPrice>
      <UnitOfMeasurePrice>0.03</UnitOfMeasurePrice>
      <AllowDiscount>1</AllowDiscount>
      <ItemStatus/>
    </Item>
    <Item>
      <PriceUpdateTime>2025-04-11T08:23:35.000</PriceUpdateTime>
      <ItemCode>4740098098355</ItemCode>
      <LastSaleDateTime>2015-01-01T00:00:00.000</LastSaleDateTime>
      <ItemType>1</ItemType>
      <ItemName>קוקטייל מוחיטו 330 מ</ItemName>
      <ManufactureName>לא ידוע</ManufactureName>
      <ManufactureCountry>לא ידוע</ManufactureCountry>
      <ManufactureItemDescription>קוקטייל מוחיטו 330 מ</ManufactureItemDescription>
      <UnitQty>לא ידוע</UnitQty>
      <Quantity>620.00</Quantity>
      <UnitOfMeasure>100 מ"ל</UnitOfMeasure>
      <bIsWeighted>0</bIsWeighted>
      <QtyInPackage>לא ידוע</QtyInPackage>
      <ItemPrice>9.90</ItemPrice>
      <UnitOfMeasurePrice>0.02</UnitOfMeasurePrice>
      <AllowDiscount>1</AllowDiscount>
      <ItemStatus>2</ItemStatus>
    </Item>
    <Item>
      <PriceUpdateTime>2025-04-11T08:23:35.000</PriceUpdateTime>
      <ItemCode>4740098098355</ItemCode>
      <LastSaleDateTime>2015-01-01T00:00:00.000</LastSaleDateTime>
      <ItemType>1</ItemType>
      <ItemName>קוקטייל מוחיטו 330 מ</ItemName>
      <ManufactureName>לא ידוע</ManufactureName>
      <ManufactureCountry>לא ידוע</ManufactureCountry>
      <ManufactureItemDescription>קוקטייל מוחיטו 330 מ</ManufactureItemDescription>
      <UnitQty>לא ידוע</UnitQty>
      <Quantity>620.00</Quantity>
      <UnitOfMeasure>100 מ"ל</UnitOfMeasure>
      <bIsWeighted>0</bIsWeighted>
      <QtyInPackage>לא ידוע</QtyInPackage>
      <ItemPrice>9.90</ItemPrice>
      <UnitOfMeasurePrice>0.02</UnitOfMeasurePrice>
      <AllowDiscount>1</AllowDiscount>
      <ItemStatus/>
    </Item>
    <Item>
      <PriceUpdateTime>2025-04-11T08:23:35.000</PriceUpdateTime>
      <ItemCode>4740098098379</ItemCode>
      <LastSaleDateTime>2015-01-01T00:00:00.000</LastSaleDateTime>
      <ItemType>1</ItemType>
      <ItemName>קוקטייל מרגריטה אבטי</ItemName>
      <ManufactureName>לא ידוע</ManufactureName>
      <ManufactureCountry>לא ידוע</ManufactureCountry>
      <ManufactureItemDescription>קוקטייל מרגריטה אבטי</ManufactureItemDescription>
      <UnitQty>לא ידוע</UnitQty>
      <Quantity>620.00</Quantity>
      <UnitOfMeasure>100 מ"ל</UnitOfMeasure>
      <bIsWeighted>0</bIsWeighted>
      <QtyInPackage>לא ידוע</QtyInPackage>
      <ItemPrice>9.90</ItemPrice>
      <UnitOfMeasurePrice>0.02</UnitOfMeasurePrice>
      <AllowDiscount>1</AllowDiscount>
      <ItemStatus>2</ItemStatus>
    </Item>
    <Item>
      <PriceUpdateTime>2025-04-11T08:23:35.000</PriceUpdateTime>
      <ItemCode>4740098098379</ItemCode>
      <LastSaleDateTime>2015-01-01T00:00:00.000</LastSaleDateTime>
      <ItemType>1</ItemType>
      <ItemName>קוקטייל מרגריטה אבטי</ItemName>
      <ManufactureName>לא ידוע</ManufactureName>
      <ManufactureCountry>לא ידוע</ManufactureCountry>
      <ManufactureItemDescription>קוקטייל מרגריטה אבטי</ManufactureItemDescription>
      <UnitQty>לא ידוע</UnitQty>
      <Quantity>620.00</Quantity>
      <UnitOfMeasure>100 מ"ל</UnitOfMeasure>
      <bIsWeighted>0</bIsWeighted>
      <QtyInPackage>לא ידוע</QtyInPackage>
      <ItemPrice>9.90</ItemPrice>
      <UnitOfMeasurePrice>0.02</UnitOfMeasurePrice>
      <AllowDiscount>1</AllowDiscount>
      <ItemStatus/>
    </Item>
    <Item>
      <PriceUpdateTime>2025-04-11T08:23:36.000</PriceUpdateTime>
      <ItemCode>4750021005725</ItemCode>
      <LastSaleDateTime>2026-01-13T19:15:48.000</LastSaleDateTime>
      <ItemType>1</ItemType>
      <ItemName>סטולי ללא גלוטן 700</ItemName>
      <ManufactureName>לא ידוע</ManufactureName>
      <ManufactureCountry>לא ידוע</ManufactureCountry>
      <ManufactureItemDescription>סטולי ללא גלוטן 700</ManufactureItemDescription>
      <UnitQty>לא ידוע</UnitQty>
      <Quantity>700.00</Quantity>
      <UnitOfMeasure>100 מ"ל</UnitOfMeasure>
      <bIsWeighted>0</bIsWeighted>
      <QtyInPackage>לא ידוע</QtyInPackage>
      <ItemPrice>69.90</ItemPrice>
      <UnitOfMeasurePrice>0.10</UnitOfMeasurePrice>
      <AllowDiscount>1</AllowDiscount>
      <ItemStatus/>
    </Item>
    <Item>
      <PriceUpdateTime>2025-04-11T08:23:36.000</PriceUpdateTime>
      <ItemCode>5010038464670</ItemCode>
      <LastSaleDateTime>2015-01-01T00:00:00.000</LastSaleDateTime>
      <ItemType>1</ItemType>
      <ItemName>בלו מון בירה מנגו 33</ItemName>
      <ManufactureName>לא ידוע</ManufactureName>
      <ManufactureCountry>לא ידוע</ManufactureCountry>
      <ManufactureItemDescription>בלו מון בירה מנגו 33</ManufactureItemDescription>
      <UnitQty>לא ידוע</UnitQty>
      <Quantity>330.00</Quantity>
      <UnitOfMeasure>100 מ"ל</UnitOfMeasure>
      <bIsWeighted>0</bIsWeighted>
      <QtyInPackage>לא ידוע</QtyInPackage>
      <ItemPrice>12.90</ItemPrice>
      <UnitOfMeasurePrice>0.04</UnitOfMeasurePrice>
      <AllowDiscount>1</AllowDiscount>
      <ItemStatus>2</ItemStatus>
    </Item>
    <Item>
      <PriceUpdateTime>2025-04-11T08:23:36.000</PriceUpdateTime>
      <ItemCode>5010038464670</ItemCode>
      <LastSaleDateTime>2015-01-01T00:00:00.000</LastSaleDateTime>
      <ItemType>1</ItemType>
      <ItemName>בלו מון בירה מנגו 33</ItemName>
      <ManufactureName>לא ידוע</ManufactureName>
      <ManufactureCountry>לא ידוע</ManufactureCountry>
      <ManufactureItemDescription>בלו מון בירה מנגו 33</ManufactureItemDescription>
      <UnitQty>לא ידוע</UnitQty>
      <Quantity>330.00</Quantity>
      <UnitOfMeasure>100 מ"ל</UnitOfMeasure>
      <bIsWeighted>0</bIsWeighted>
      <QtyInPackage>לא ידוע</QtyInPackage>
      <ItemPrice>12.90</ItemPrice>
      <UnitOfMeasurePrice>0.04</UnitOfMeasurePrice>
      <AllowDiscount>1</AllowDiscount>
      <ItemStatus/>
    </Item>
    <Item>
      <PriceUpdateTime>2025-04-11T08:23:36.000</PriceUpdateTime>
      <ItemCode>4740098098393</ItemCode>
      <LastSaleDateTime>2015-01-01T00:00:00.000</LastSaleDateTime>
      <ItemType>1</ItemType>
      <ItemName>קוקטייל סאן און דה ב</ItemName>
      <ManufactureName>לא ידוע</ManufactureName>
      <ManufactureCountry>לא ידוע</ManufactureCountry>
      <ManufactureItemDescription>קוקטייל סאן און דה ב</ManufactureItemDescription>
      <UnitQty>לא ידוע</UnitQty>
      <Quantity>620.00</Quantity>
      <UnitOfMeasure>100 מ"ל</UnitOfMeasure>
      <bIsWeighted>0</bIsWeighted>
      <QtyInPackage>לא ידוע</QtyInPackage>
      <ItemPrice>9.90</ItemPrice>
      <UnitOfMeasurePrice>0.02</UnitOfMeasurePrice>
      <AllowDiscount>1</AllowDiscount>
      <ItemStatus>2</ItemStatus>
    </Item>
    <Item>
      <PriceUpdateTime>2025-04-11T08:23:36.000</PriceUpdateTime>
      <ItemCode>4740098098393</ItemCode>
      <LastSaleDateTime>2015-01-01T00:00:00.000</LastSaleDateTime>
      <ItemType>1</ItemType>
      <ItemName>קוקטייל סאן און דה ב</ItemName>
      <ManufactureName>לא ידוע</ManufactureName>
      <ManufactureCountry>לא ידוע</ManufactureCountry>
      <ManufactureItemDescription>קוקטייל סאן און דה ב</ManufactureItemDescription>
      <UnitQty>לא ידוע</UnitQty>
      <Quantity>620.00</Quantity>
      <UnitOfMeasure>100 מ"ל</UnitOfMeasure>
      <bIsWeighted>0</bIsWeighted>
      <QtyInPackage>לא ידוע</QtyInPackage>
      <ItemPrice>9.90</ItemPrice>
      <UnitOfMeasurePrice>0.02</UnitOfMeasurePrice>
      <AllowDiscount>1</AllowDiscount>
      <ItemStatus/>
    </Item>
    <Item>
      <PriceUpdateTime>2025-04-11T08:23:36.000</PriceUpdateTime>
      <ItemCode>4770301238506</ItemCode>
      <LastSaleDateTime>2015-01-01T00:00:00.000</LastSaleDateTime>
      <ItemType>1</ItemType>
      <ItemName>פחית בירה חיטה וויסב</ItemName>
      <ManufactureName>לא ידוע</ManufactureName>
      <ManufactureCountry>לא ידוע</ManufactureCountry>
      <ManufactureItemDescription>פחית בירה חיטה וויסב</ManufactureItemDescription>
      <UnitQty>מטרים</UnitQty>
      <Quantity>500.00</Quantity>
      <UnitOfMeasure>100 מ'ל</UnitOfMeasure>
      <bIsWeighted>0</bIsWeighted>
      <QtyInPackage>לא ידוע</QtyInPackage>
      <ItemPrice>7.60</ItemPrice>
      <UnitOfMeasurePrice>0.02</UnitOfMeasurePrice>
      <AllowDiscount>1</AllowDiscount>
      <ItemStatus>2</ItemStatus>
    </Item>
    <Item>
      <PriceUpdateTime>2025-04-11T08:23:36.000</PriceUpdateTime>
      <ItemCode>4770301238506</ItemCode>
      <LastSaleDateTime>2015-01-01T00:00:00.000</LastSaleDateTime>
      <ItemType>1</ItemType>
      <ItemName>פחית בירה חיטה וויסב</ItemName>
      <ManufactureName>לא ידוע</ManufactureName>
      <ManufactureCountry>לא ידוע</ManufactureCountry>
      <ManufactureItemDescription>פחית בירה חיטה וויסב</ManufactureItemDescription>
      <UnitQty>מטרים</UnitQty>
      <Quantity>500.00</Quantity>
      <UnitOfMeasure>100 מ'ל</UnitOfMeasure>
      <bIsWeighted>0</bIsWeighted>
      <QtyInPackage>לא ידוע</QtyInPackage>
      <ItemPrice>7.60</ItemPrice>
      <UnitOfMeasurePrice>0.02</UnitOfMeasurePrice>
      <AllowDiscount>1</AllowDiscount>
      <ItemStatus/>
    </Item>
    <Item>
      <PriceUpdateTime>2025-04-11T08:23:37.000</PriceUpdateTime>
      <ItemCode>5010677551281</ItemCode>
      <LastSaleDateTime>2015-01-01T00:00:00.000</LastSaleDateTime>
      <ItemType>1</ItemType>
      <ItemName>בקרדי בריזר לימון 27</ItemName>
      <ManufactureName>בקרדי</ManufactureName>
      <ManufactureCountry>גרמניה</ManufactureCountry>
      <ManufactureItemDescription>בקרדי בריזר לימון 275 בקב</ManufactureItemDescription>
      <UnitQty>לא ידוע</UnitQty>
      <Quantity>275.00</Quantity>
      <UnitOfMeasure>100 מ"ל</UnitOfMeasure>
      <bIsWeighted>0</bIsWeighted>
      <QtyInPackage>לא ידוע</QtyInPackage>
      <ItemPrice>13.90</ItemPrice>
      <UnitOfMeasurePrice>0.05</UnitOfMeasurePrice>
      <AllowDiscount>1</AllowDiscount>
      <ItemStatus>2</ItemStatus>
    </Item>
    <Item>
      <PriceUpdateTime>2025-04-11T08:23:37.000</PriceUpdateTime>
      <ItemCode>5010677551281</ItemCode>
      <LastSaleDateTime>2015-01-01T00:00:00.000</LastSaleDateTime>
      <ItemType>1</ItemType>
      <ItemName>בקרדי בריזר לימון 27</ItemName>
      <ManufactureName>בקרדי</ManufactureName>
      <ManufactureCountry>גרמניה</ManufactureCountry>
      <ManufactureItemDescription>בקרדי בריזר לימון 275 בקב</ManufactureItemDescription>
      <UnitQty>לא ידוע</UnitQty>
      <Quantity>275.00</Quantity>
      <UnitOfMeasure>100 מ"ל</UnitOfMeasure>
      <bIsWeighted>0</bIsWeighted>
      <QtyInPackage>לא ידוע</QtyInPackage>
      <ItemPrice>13.90</ItemPrice>
      <UnitOfMeasurePrice>0.05</UnitOfMeasurePrice>
      <AllowDiscount>1</AllowDiscount>
      <ItemStatus/>
    </Item>
    <Item>
      <PriceUpdateTime>2025-04-11T08:23:37.000</PriceUpdateTime>
      <ItemCode>5010677552387</ItemCode>
      <LastSaleDateTime>2026-01-29T19:49:11.000</LastSaleDateTime>
      <ItemType>1</ItemType>
      <ItemName>בקרדי בריזר אננס 275</ItemName>
      <ManufactureName>בקרדי</ManufactureName>
      <ManufactureCountry>גרמניה</ManufactureCountry>
      <ManufactureItemDescription>בקרדי בריזר אננס 275 בקבו</ManufactureItemDescription>
      <UnitQty>לא ידוע</UnitQty>
      <Quantity>275.00</Quantity>
      <UnitOfMeasure>100 מ"ל</UnitOfMeasure>
      <bIsWeighted>0</bIsWeighted>
      <QtyInPackage>לא ידוע</QtyInPackage>
      <ItemPrice>13.90</ItemPrice>
      <UnitOfMeasurePrice>0.05</UnitOfMeasurePrice>
      <AllowDiscount>1</AllowDiscount>
      <ItemStatus/>
    </Item>
    <Item>
      <PriceUpdateTime>2025-04-11T08:23:37.000</PriceUpdateTime>
      <ItemCode>5010677554398</ItemCode>
      <LastSaleDateTime>2026-01-29T19:49:11.000</LastSaleDateTime>
      <ItemType>1</ItemType>
      <ItemName>בקרדי בריזר אבטיח 27</ItemName>
      <ManufactureName>בקרדי</ManufactureName>
      <ManufactureCountry>גרמניה</ManufactureCountry>
      <ManufactureItemDescription>בקרדי בריזר אבטיח 275 בקב</ManufactureItemDescription>
      <UnitQty>לא ידוע</UnitQty>
      <Quantity>275.00</Quantity>
      <UnitOfMeasure>100 מ"ל</UnitOfMeasure>
      <bIsWeighted>0</bIsWeighted>
      <QtyInPackage>לא ידוע</QtyInPackage>
      <ItemPrice>13.90</ItemPrice>
      <UnitOfMeasurePrice>0.05</UnitOfMeasurePrice>
      <AllowDiscount>1</AllowDiscount>
      <ItemStatus/>
    </Item>
    <Item>
      <PriceUpdateTime>2025-04-11T08:23:41.000</PriceUpdateTime>
      <ItemCode>7290000433103</ItemCode>
      <LastSaleDateTime>2026-01-29T19:01:12.000</LastSaleDateTime>
      <ItemType>1</ItemType>
      <ItemName>משקה אנרגיה בטעם משמ</ItemName>
      <ManufactureName>לא ידוע</ManufactureName>
      <ManufactureCountry>לא ידוע</ManufactureCountry>
      <ManufactureItemDescription>משקה אנרגיה בטעם משמ</ManufactureItemDescription>
      <UnitQty>לא ידוע</UnitQty>
      <Quantity>250.00</Quantity>
      <UnitOfMeasure>100 מ"ל</UnitOfMeasure>
      <bIsWeighted>0</bIsWeighted>
      <QtyInPackage>לא ידוע</QtyInPackage>
      <ItemPrice>4.20</ItemPrice>
      <UnitOfMeasurePrice>0.02</UnitOfMeasurePrice>
      <AllowDiscount>1</AllowDiscount>
      <ItemStatus/>
    </Item>
    <Item>
      <PriceUpdateTime>2025-04-11T08:23:42.000</PriceUpdateTime>
      <ItemCode>7290002404958</ItemCode>
      <LastSaleDateTime>2015-01-01T00:00:00.000</LastSaleDateTime>
      <ItemType>1</ItemType>
      <ItemName>יין גינוסר 1 ליטר</ItemName>
      <ManufactureName>יקבי ארזה</ManufactureName>
      <ManufactureCountry>לא ידוע</ManufactureCountry>
      <ManufactureItemDescription>יין גינוסר 1 ליטר</ManufactureItemDescription>
      <UnitQty>ליטר</UnitQty>
      <Quantity>1.00</Quantity>
      <UnitOfMeasure>ליטר    </UnitOfMeasure>
      <bIsWeighted>0</bIsWeighted>
      <QtyInPackage>לא ידוע</QtyInPackage>
      <ItemPrice>14.90</ItemPrice>
      <UnitOfMeasurePrice>14.90</UnitOfMeasurePrice>
      <AllowDiscount>1</AllowDiscount>
      <ItemStatus>2</ItemStatus>
    </Item>
    <Item>
      <PriceUpdateTime>2025-04-11T08:23:42.000</PriceUpdateTime>
      <ItemCode>7290002404958</ItemCode>
      <LastSaleDateTime>2015-01-01T00:00:00.000</LastSaleDateTime>
      <ItemType>1</ItemType>
      <ItemName>יין גינוסר 1 ליטר</ItemName>
      <ManufactureName>יקבי ארזה</ManufactureName>
      <ManufactureCountry>לא ידוע</ManufactureCountry>
      <ManufactureItemDescription>יין גינוסר 1 ליטר</ManufactureItemDescription>
      <UnitQty>ליטר</UnitQty>
      <Quantity>1.00</Quantity>
      <UnitOfMeasure>ליטר    </UnitOfMeasure>
      <bIsWeighted>0</bIsWeighted>
      <QtyInPackage>לא ידוע</QtyInPackage>
      <ItemPrice>14.90</ItemPrice>
      <UnitOfMeasurePrice>14.90</UnitOfMeasurePrice>
      <AllowDiscount>1</AllowDiscount>
      <ItemStatus/>
    </Item>
    <Item>
      <PriceUpdateTime>2025-04-11T08:23:43.000</PriceUpdateTime>
      <ItemCode>7290006251275</ItemCode>
      <LastSaleDateTime>2026-01-29T13:09:57.000</LastSaleDateTime>
      <ItemType>1</ItemType>
      <ItemName>תה ירוק סיני קלאסי ו</ItemName>
      <ManufactureName>ויסוצקי</ManufactureName>
      <ManufactureCountry>לא ידוע</ManufactureCountry>
      <ManufactureItemDescription>תה ירוק סיני קלאסי ו</ManufactureItemDescription>
      <UnitQty>גרם</UnitQty>
      <Quantity>37.50</Quantity>
      <UnitOfMeasure>100 גרם</UnitOfMeasure>
      <bIsWeighted>0</bIsWeighted>
      <QtyInPackage>לא ידוע</QtyInPackage>
      <ItemPrice>21.90</ItemPrice>
      <UnitOfMeasurePrice>58.40</UnitOfMeasurePrice>
      <AllowDiscount>1</AllowDiscount>
      <ItemStatus/>
    </Item>
    <Item>
      <PriceUpdateTime>2025-04-11T08:23:43.000</PriceUpdateTime>
      <ItemCode>7290004658946</ItemCode>
      <LastSaleDateTime>2026-01-22T18:37:59.000</LastSaleDateTime>
      <ItemType>1</ItemType>
      <ItemName>יין שרדונה פרייבט קו</ItemName>
      <ManufactureName>כרמל מזרחי</ManufactureName>
      <ManufactureCountry>לא ידוע</ManufactureCountry>
      <ManufactureItemDescription>יין שרדונה פרייבט קו</ManufactureItemDescription>
      <UnitQty>לא ידוע</UnitQty>
      <Quantity>750.00</Quantity>
      <UnitOfMeasure>100 מ"ל</UnitOfMeasure>
      <bIsWeighted>0</bIsWeighted>
      <QtyInPackage>לא ידוע</QtyInPackage>
      <ItemPrice>43.80</ItemPrice>
      <UnitOfMeasurePrice>0.06</UnitOfMeasurePrice>
      <AllowDiscount>1</AllowDiscount>
      <ItemStatus/>
    </Item>
    <Item>
      <PriceUpdateTime>2025-04-11T08:23:43.000</PriceUpdateTime>
      <ItemCode>7290004658953</ItemCode>
      <LastSaleDateTime>2015-01-01T00:00:00.000</LastSaleDateTime>
      <ItemType>1</ItemType>
      <ItemName>יין סוביניון בלאן פר</ItemName>
      <ManufactureName>כרמל מזרחי</ManufactureName>
      <ManufactureCountry>לא ידוע</ManufactureCountry>
      <ManufactureItemDescription>יין סוביניון בלאן פר</ManufactureItemDescription>
      <UnitQty>לא ידוע</UnitQty>
      <Quantity>750.00</Quantity>
      <UnitOfMeasure>100 מ"ל</UnitOfMeasure>
      <bIsWeighted>0</bIsWeighted>
      <QtyInPackage>לא ידוע</QtyInPackage>
      <ItemPrice>43.80</ItemPrice>
      <UnitOfMeasurePrice>0.06</UnitOfMeasurePrice>
      <AllowDiscount>1</AllowDiscount>
      <ItemStatus>2</ItemStatus>
    </Item>
    <Item>
      <PriceUpdateTime>2025-04-11T08:23:43.000</PriceUpdateTime>
      <ItemCode>7290004658953</ItemCode>
      <LastSaleDateTime>2015-01-01T00:00:00.000</LastSaleDateTime>
      <ItemType>1</ItemType>
      <ItemName>יין סוביניון בלאן פר</ItemName>
      <ManufactureName>כרמל מזרחי</ManufactureName>
      <ManufactureCountry>לא ידוע</ManufactureCountry>
      <ManufactureItemDescription>יין סוביניון בלאן פר</ManufactureItemDescription>
      <UnitQty>לא ידוע</UnitQty>
      <Quantity>750.00</Quantity>
      <UnitOfMeasure>100 מ"ל</UnitOfMeasure>
      <bIsWeighted>0</bIsWeighted>
      <QtyInPackage>לא ידוע</QtyInPackage>
      <ItemPrice>43.80</ItemPrice>
      <UnitOfMeasurePrice>0.06</UnitOfMeasurePrice>
      <AllowDiscount>1</AllowDiscount>
      <ItemStatus/>
    </Item>
    <Item>
      <PriceUpdateTime>2025-04-11T08:23:43.000</PriceUpdateTime>
      <ItemCode>7290004658960</ItemCode>
      <LastSaleDateTime>2015-01-01T00:00:00.000</LastSaleDateTime>
      <ItemType>1</ItemType>
      <ItemName>יין אמרלד ריזלינג פר</ItemName>
      <ManufactureName>כרמל מזרחי</ManufactureName>
      <ManufactureCountry>לא ידוע</ManufactureCountry>
      <ManufactureItemDescription>יין אמרלד ריזלינג פר</ManufactureItemDescription>
      <UnitQty>לא ידוע</UnitQty>
      <Quantity>750.00</Quantity>
      <UnitOfMeasure>100 מ"ל</UnitOfMeasure>
      <bIsWeighted>0</bIsWeighted>
      <QtyInPackage>לא ידוע</QtyInPackage>
      <ItemPrice>43.80</ItemPrice>
      <UnitOfMeasurePrice>0.06</UnitOfMeasurePrice>
      <AllowDiscount>1</AllowDiscount>
      <ItemStatus>2</ItemStatus>
    </Item>
    <Item>
      <PriceUpdateTime>2025-04-11T08:23:43.000</PriceUpdateTime>
      <ItemCode>7290004658960</ItemCode>
      <LastSaleDateTime>2015-01-01T00:00:00.000</LastSaleDateTime>
      <ItemType>1</ItemType>
      <ItemName>יין אמרלד ריזלינג פר</ItemName>
      <ManufactureName>כרמל מזרחי</ManufactureName>
      <ManufactureCountry>לא ידוע</ManufactureCountry>
      <ManufactureItemDescription>יין אמרלד ריזלינג פר</ManufactureItemDescription>
      <UnitQty>לא ידוע</UnitQty>
      <Quantity>750.00</Quantity>
      <UnitOfMeasure>100 מ"ל</UnitOfMeasure>
      <bIsWeighted>0</bIsWeighted>
      <QtyInPackage>לא ידוע</QtyInPackage>
      <ItemPrice>43.80</ItemPrice>
      <UnitOfMeasurePrice>0.06</UnitOfMeasurePrice>
      <AllowDiscount>1</AllowDiscount>
      <ItemStatus/>
    </Item>
    <Item>
      <PriceUpdateTime>2025-04-11T08:23:43.000</PriceUpdateTime>
      <ItemCode>7290005168284</ItemCode>
      <LastSaleDateTime>2015-01-01T00:00:00.000</LastSaleDateTime>
      <ItemType>1</ItemType>
      <ItemName>גן עדן 750 מ"ל</ItemName>
      <ManufactureName>יקבי ציון</ManufactureName>
      <ManufactureCountry>ישראל</ManufactureCountry>
      <ManufactureItemDescription>גן עדן 750 מ"ל</ManufactureItemDescription>
      <UnitQty>לא ידוע</UnitQty>
      <Quantity>750.00</Quantity>
      <UnitOfMeasure>100 מ"ל</UnitOfMeasure>
      <bIsWeighted>0</bIsWeighted>
      <QtyInPackage>לא ידוע</QtyInPackage>
      <ItemPrice>19.80</ItemPrice>
      <UnitOfMeasurePrice>0.03</UnitOfMeasurePrice>
      <AllowDiscount>1</AllowDiscount>
      <ItemStatus>2</ItemStatus>
    </Item>
    <Item>
      <PriceUpdateTime>2025-04-11T08:23:43.000</PriceUpdateTime>
      <ItemCode>7290005168284</ItemCode>
      <LastSaleDateTime>2015-01-01T00:00:00.000</LastSaleDateTime>
      <ItemType>1</ItemType>
      <ItemName>גן עדן 750 מ"ל</ItemName>
      <ManufactureName>יקבי ציון</ManufactureName>
      <ManufactureCountry>ישראל</ManufactureCountry>
      <ManufactureItemDescription>גן עדן 750 מ"ל</ManufactureItemDescription>
      <UnitQty>לא ידוע</UnitQty>
      <Quantity>750.00</Quantity>
      <UnitOfMeasure>100 מ"ל</UnitOfMeasure>
      <bIsWeighted>0</bIsWeighted>
      <QtyInPackage>לא ידוע</QtyInPackage>
      <ItemPrice>19.80</ItemPrice>
      <UnitOfMeasurePrice>0.03</UnitOfMeasurePrice>
      <AllowDiscount>1</AllowDiscount>
      <ItemStatus/>
    </Item>
    <Item>
      <PriceUpdateTime>2025-04-11T08:23:43.000</PriceUpdateTime>
      <ItemCode>7290005966033</ItemCode>
      <LastSaleDateTime>2025-12-04T00:00:00.000</LastSaleDateTime>
      <ItemType>1</ItemType>
      <ItemName>הר חרמון לבן 750 מ"ל</ItemName>
      <ManufactureName>יקב רמת הגולן</ManufactureName>
      <ManufactureCountry>לא ידוע</ManufactureCountry>
      <ManufactureItemDescription>הר חרמון לבן 750 מ"ל</ManufactureItemDescription>
      <UnitQty>לא ידוע</UnitQty>
      <Quantity>750.00</Quantity>
      <UnitOfMeasure>100 מ"ל</UnitOfMeasure>
      <bIsWeighted>0</bIsWeighted>
      <QtyInPackage>לא ידוע</QtyInPackage>
      <ItemPrice>34.90</ItemPrice>
      <UnitOfMeasurePrice>0.05</UnitOfMeasurePrice>
      <AllowDiscount>1</AllowDiscount>
      <ItemStatus/>
    </Item>
    <Item>
      <PriceUpdateTime>2025-04-11T08:23:43.000</PriceUpdateTime>
      <ItemCode>7290005966088</ItemCode>
      <LastSaleDateTime>2025-11-30T00:00:00.000</LastSaleDateTime>
      <ItemType>1</ItemType>
      <ItemName>הר חרמון אדום 750 מ"</ItemName>
      <ManufactureName>יקב רמת הגולן</ManufactureName>
      <ManufactureCountry>לא ידוע</ManufactureCountry>
      <ManufactureItemDescription>הר חרמון אדום 750 מ"</ManufactureItemDescription>
      <UnitQty>לא ידוע</UnitQty>
      <Quantity>750.00</Quantity>
      <UnitOfMeasure>100 מ"ל</UnitOfMeasure>
      <bIsWeighted>0</bIsWeighted>
      <QtyInPackage>לא ידוע</QtyInPackage>
      <ItemPrice>34.90</ItemPrice>
      <UnitOfMeasurePrice>0.05</UnitOfMeasurePrice>
      <AllowDiscount>1</AllowDiscount>
      <ItemStatus/>
    </Item>
    <Item>
      <PriceUpdateTime>2025-04-11T08:23:44.000</PriceUpdateTime>
      <ItemCode>7290006696595</ItemCode>
      <LastSaleDateTime>2015-01-01T00:00:00.000</LastSaleDateTime>
      <ItemType>1</ItemType>
      <ItemName>יין אדום מתוק מסורת</ItemName>
      <ManufactureName>יקבי אפרת</ManufactureName>
      <ManufactureCountry>לא ידוע</ManufactureCountry>
      <ManufactureItemDescription>יין אדום מתוק מסורת</ManufactureItemDescription>
      <UnitQty>ליטר</UnitQty>
      <Quantity>1.00</Quantity>
      <UnitOfMeasure>ליטר    </UnitOfMeasure>
      <bIsWeighted>0</bIsWeighted>
      <QtyInPackage>לא ידוע</QtyInPackage>
      <ItemPrice>19.90</ItemPrice>
      <UnitOfMeasurePrice>19.90</UnitOfMeasurePrice>
      <AllowDiscount>1</AllowDiscount>
      <ItemStatus>2</ItemStatus>
    </Item>
    <Item>
      <PriceUpdateTime>2025-04-11T08:23:44.000</PriceUpdateTime>
      <ItemCode>7290006696595</ItemCode>
      <LastSaleDateTime>2015-01-01T00:00:00.000</LastSaleDateTime>
      <ItemType>1</ItemType>
      <ItemName>יין אדום מתוק מסורת</ItemName>
      <ManufactureName>יקבי אפרת</ManufactureName>
      <ManufactureCountry>לא ידוע</ManufactureCountry>
      <ManufactureItemDescription>יין אדום מתוק מסורת</ManufactureItemDescription>
      <UnitQty>ליטר</UnitQty>
      <Quantity>1.00</Quantity>
      <UnitOfMeasure>ליטר    </UnitOfMeasure>
      <bIsWeighted>0</bIsWeighted>
      <QtyInPackage>לא ידוע</QtyInPackage>
      <ItemPrice>19.90</ItemPrice>
      <UnitOfMeasurePrice>19.90</UnitOfMeasurePrice>
      <AllowDiscount>1</AllowDiscount>
      <ItemStatus/>
    </Item>
    <Item>
      <PriceUpdateTime>2025-04-11T08:23:44.000</PriceUpdateTime>
      <ItemCode>7290006256102</ItemCode>
      <LastSaleDateTime>2026-01-14T22:08:57.000</LastSaleDateTime>
      <ItemType>1</ItemType>
      <ItemName>יין אדום מרלו גאטו נ</ItemName>
      <ManufactureName>יקבי הר מרון</ManufactureName>
      <ManufactureCountry>לא ידוע</ManufactureCountry>
      <ManufactureItemDescription>יין אדום מרלו גאטו נ</ManufactureItemDescription>
      <UnitQty>לא ידוע</UnitQty>
      <Quantity>750.00</Quantity>
      <UnitOfMeasure>100 מ"ל</UnitOfMeasure>
      <bIsWeighted>0</bIsWeighted>
      <QtyInPackage>לא ידוע</QtyInPackage>
      <ItemPrice>35.90</ItemPrice>
      <UnitOfMeasurePrice>0.05</UnitOfMeasurePrice>
      <AllowDiscount>1</AllowDiscount>
      <ItemStatus/>
    </Item>
    <Item>
      <PriceUpdateTime>2025-04-11T08:23:44.000</PriceUpdateTime>
      <ItemCode>7290006256775</ItemCode>
      <LastSaleDateTime>2026-01-28T12:02:22.000</LastSaleDateTime>
      <ItemType>1</ItemType>
      <ItemName>גאטו נגרו מלבק 750 מ</ItemName>
      <ManufactureName>לא ידוע</ManufactureName>
      <ManufactureCountry>לא ידוע</ManufactureCountry>
      <ManufactureItemDescription>גאטו נגרו מלבק 750 מ</ManufactureItemDescription>
      <UnitQty>לא ידוע</UnitQty>
      <Quantity>750.00</Quantity>
      <UnitOfMeasure>100 מ"ל</UnitOfMeasure>
      <bIsWeighted>0</bIsWeighted>
      <QtyInPackage>לא ידוע</QtyInPackage>
      <ItemPrice>35.90</ItemPrice>
      <UnitOfMeasurePrice>0.05</UnitOfMeasurePrice>
      <AllowDiscount>1</AllowDiscount>
      <ItemStatus/>
    </Item>
    <Item>
      <PriceUpdateTime>2025-04-11T08:23:45.000</PriceUpdateTime>
      <ItemCode>7290008801010</ItemCode>
      <LastSaleDateTime>2026-01-29T12:55:43.000</LastSaleDateTime>
      <ItemType>1</ItemType>
      <ItemName>ין קברנה /מרלו פרייב</ItemName>
      <ManufactureName>כרמל מזרחי</ManufactureName>
      <ManufactureCountry>לא ידוע</ManufactureCountry>
      <ManufactureItemDescription>ין קברנה /מרלו פרייב</ManufactureItemDescription>
      <UnitQty>לא ידוע</UnitQty>
      <Quantity>750.00</Quantity>
      <UnitOfMeasure>100 מ"ל</UnitOfMeasure>
      <bIsWeighted>0</bIsWeighted>
      <QtyInPackage>לא ידוע</QtyInPackage>
      <ItemPrice>43.80</ItemPrice>
      <UnitOfMeasurePrice>0.06</UnitOfMeasurePrice>
      <AllowDiscount>1</AllowDiscount>
      <ItemStatus/>
    </Item>
    <Item>
      <PriceUpdateTime>2025-04-11T08:23:45.000</PriceUpdateTime>
      <ItemCode>7290008801119</ItemCode>
      <LastSaleDateTime>2026-01-29T19:33:33.000</LastSaleDateTime>
      <ItemType>1</ItemType>
      <ItemName>יין סלקטד סובניון בל</ItemName>
      <ManufactureName>כרמל מזרחי</ManufactureName>
      <ManufactureCountry>לא ידוע</ManufactureCountry>
      <ManufactureItemDescription>יין סלקטד סובניון בל</ManufactureItemDescription>
      <UnitQty>לא ידוע</UnitQty>
      <Quantity>750.00</Quantity>
      <UnitOfMeasure>100 מ"ל</UnitOfMeasure>
      <bIsWeighted>0</bIsWeighted>
      <QtyInPackage>לא ידוע</QtyInPackage>
      <ItemPrice>31.70</ItemPrice>
      <UnitOfMeasurePrice>0.04</UnitOfMeasurePrice>
      <AllowDiscount>1</AllowDiscount>
      <ItemStatus/>
    </Item>
    <Item>
      <PriceUpdateTime>2025-04-11T08:23:45.000</PriceUpdateTime>
      <ItemCode>7290008801157</ItemCode>
      <LastSaleDateTime>2025-11-27T00:00:00.000</LastSaleDateTime>
      <ItemType>1</ItemType>
      <ItemName>יין מרלו סלקטד יקבי</ItemName>
      <ManufactureName>כרמל מזרחי</ManufactureName>
      <ManufactureCountry>לא ידוע</ManufactureCountry>
      <ManufactureItemDescription>יין מרלו סלקטד יקבי</ManufactureItemDescription>
      <UnitQty>לא ידוע</UnitQty>
      <Quantity>750.00</Quantity>
      <UnitOfMeasure>100 מ"ל</UnitOfMeasure>
      <bIsWeighted>0</bIsWeighted>
      <QtyInPackage>לא ידוע</QtyInPackage>
      <ItemPrice>31.70</ItemPrice>
      <UnitOfMeasurePrice>0.04</UnitOfMeasurePrice>
      <AllowDiscount>1</AllowDiscount>
      <ItemStatus/>
    </Item>
    <Item>
      <PriceUpdateTime>2025-04-11T08:23:45.000</PriceUpdateTime>
      <ItemCode>7290008801539</ItemCode>
      <LastSaleDateTime>2015-01-01T00:00:00.000</LastSaleDateTime>
      <ItemType>1</ItemType>
      <ItemName>יין כרמל 120 קינג די</ItemName>
      <ManufactureName>כרמל מזרחי</ManufactureName>
      <ManufactureCountry>לא ידוע</ManufactureCountry>
      <ManufactureItemDescription>יין כרמל 120 קינג די</ManufactureItemDescription>
      <UnitQty>לא ידוע</UnitQty>
      <Quantity>750.00</Quantity>
      <UnitOfMeasure>100 מ"ל</UnitOfMeasure>
      <bIsWeighted>0</bIsWeighted>
      <QtyInPackage>לא ידוע</QtyInPackage>
      <ItemPrice>18.90</ItemPrice>
      <UnitOfMeasurePrice>0.03</UnitOfMeasurePrice>
      <AllowDiscount>1</AllowDiscount>
      <ItemStatus>2</ItemStatus>
    </Item>
    <Item>
      <PriceUpdateTime>2025-04-11T08:23:45.000</PriceUpdateTime>
      <ItemCode>7290008801539</ItemCode>
      <LastSaleDateTime>2015-01-01T00:00:00.000</LastSaleDateTime>
      <ItemType>1</ItemType>
      <ItemName>יין כרמל 120 קינג די</ItemName>
      <ManufactureName>כרמל מזרחי</ManufactureName>
      <ManufactureCountry>לא ידוע</ManufactureCountry>
      <ManufactureItemDescription>יין כרמל 120 קינג די</ManufactureItemDescription>
      <UnitQty>לא ידוע</UnitQty>
      <Quantity>750.00</Quantity>
      <UnitOfMeasure>100 מ"ל</UnitOfMeasure>
      <bIsWeighted>0</bIsWeighted>
      <QtyInPackage>לא ידוע</QtyInPackage>
      <ItemPrice>18.90</ItemPrice>
      <UnitOfMeasurePrice>0.03</UnitOfMeasurePrice>
      <AllowDiscount>1</AllowDiscount>
      <ItemStatus/>
    </Item>
    <Item>
      <PriceUpdateTime>2025-04-11T08:23:45.000</PriceUpdateTime>
      <ItemCode>7290008801843</ItemCode>
      <LastSaleDateTime>2026-01-29T22:32:37.000</LastSaleDateTime>
      <ItemType>1</ItemType>
      <ItemName>יין קברנה סוביניון ס</ItemName>
      <ManufactureName>כרמל מזרחי</ManufactureName>
      <ManufactureCountry>לא ידוע</ManufactureCountry>
      <ManufactureItemDescription>יין קברנה סוביניון ס</ManufactureItemDescription>
      <UnitQty>לא ידוע</UnitQty>
      <Quantity>750.00</Quantity>
      <UnitOfMeasure>100 מ"ל</UnitOfMeasure>
      <bIsWeighted>0</bIsWeighted>
      <QtyInPackage>לא ידוע</QtyInPackage>
      <ItemPrice>31.70</ItemPrice>
      <UnitOfMeasurePrice>0.04</UnitOfMeasurePrice>
      <AllowDiscount>1</AllowDiscount>
      <ItemStatus/>
    </Item>
    <Item>
      <PriceUpdateTime>2025-04-11T08:23:45.000</PriceUpdateTime>
      <ItemCode>7290008801850</ItemCode>
      <LastSaleDateTime>2026-01-29T19:33:33.000</LastSaleDateTime>
      <ItemType>1</ItemType>
      <ItemName>יין אמרלד ריזלינג סל</ItemName>
      <ManufactureName>כרמל מזרחי</ManufactureName>
      <ManufactureCountry>לא ידוע</ManufactureCountry>
      <ManufactureItemDescription>יין אמרלד ריזלינג סל</ManufactureItemDescription>
      <UnitQty>לא ידוע</UnitQty>
      <Quantity>750.00</Quantity>
      <UnitOfMeasure>100 מ"ל</UnitOfMeasure>
      <bIsWeighted>0</bIsWeighted>
      <QtyInPackage>לא ידוע</QtyInPackage>
      <ItemPrice>31.70</ItemPrice>
      <UnitOfMeasurePrice>0.04</UnitOfMeasurePrice>
      <AllowDiscount>1</AllowDiscount>
      <ItemStatus/>
    </Item>
    <Item>
      <PriceUpdateTime>2025-04-11T08:23:45.000</PriceUpdateTime>
      <ItemCode>7290008802291</ItemCode>
      <LastSaleDateTime>2026-01-27T12:47:22.000</LastSaleDateTime>
      <ItemType>1</ItemType>
      <ItemName>יין מרלו פרייבט קולק</ItemName>
      <ManufactureName>כרמל מזרחי</ManufactureName>
      <ManufactureCountry>לא ידוע</ManufactureCountry>
      <ManufactureItemDescription>יין מרלו פרייבט קולק</ManufactureItemDescription>
      <UnitQty>לא ידוע</UnitQty>
      <Quantity>750.00</Quantity>
      <UnitOfMeasure>100 מ"ל</UnitOfMeasure>
      <bIsWeighted>0</bIsWeighted>
      <QtyInPackage>לא ידוע</QtyInPackage>
      <ItemPrice>43.80</ItemPrice>
      <UnitOfMeasurePrice>0.06</UnitOfMeasurePrice>
      <AllowDiscount>1</AllowDiscount>
      <ItemStatus/>
    </Item>
    <Item>
      <PriceUpdateTime>2025-04-11T08:23:45.000</PriceUpdateTime>
      <ItemCode>7290008802895</ItemCode>
      <LastSaleDateTime>2026-01-28T19:31:43.000</LastSaleDateTime>
      <ItemType>1</ItemType>
      <ItemName>יין קברנה סוביניון פ</ItemName>
      <ManufactureName>כרמל מזרחי</ManufactureName>
      <ManufactureCountry>לא ידוע</ManufactureCountry>
      <ManufactureItemDescription>יין קברנה סוביניון פ</ManufactureItemDescription>
      <UnitQty>לא ידוע</UnitQty>
      <Quantity>750.00</Quantity>
      <UnitOfMeasure>100 מ"ל</UnitOfMeasure>
      <bIsWeighted>0</bIsWeighted>
      <QtyInPackage>לא ידוע</QtyInPackage>
      <ItemPrice>43.80</ItemPrice>
      <UnitOfMeasurePrice>0.06</UnitOfMeasurePrice>
      <AllowDiscount>1</AllowDiscount>
      <ItemStatus/>
    </Item>
    <Item>
      <PriceUpdateTime>2025-04-11T08:23:45.000</PriceUpdateTime>
      <ItemCode>7290008804332</ItemCode>
      <LastSaleDateTime>2026-01-29T13:44:34.000</LastSaleDateTime>
      <ItemType>1</ItemType>
      <ItemName>יין שיראז פרייבט קול</ItemName>
      <ManufactureName>כרמל מזרחי</ManufactureName>
      <ManufactureCountry>לא ידוע</ManufactureCountry>
      <ManufactureItemDescription>יין שיראז פרייבט קול</ManufactureItemDescription>
      <UnitQty>לא ידוע</UnitQty>
      <Quantity>750.00</Quantity>
      <UnitOfMeasure>100 מ"ל</UnitOfMeasure>
      <bIsWeighted>0</bIsWeighted>
      <QtyInPackage>לא ידוע</QtyInPackage>
      <ItemPrice>43.80</ItemPrice>
      <UnitOfMeasurePrice>0.06</UnitOfMeasurePrice>
      <AllowDiscount>1</AllowDiscount>
      <ItemStatus/>
    </Item>
    <Item>
      <PriceUpdateTime>2025-04-11T08:23:45.000</PriceUpdateTime>
      <ItemCode>7290008804462</ItemCode>
      <LastSaleDateTime>2026-01-19T14:49:06.000</LastSaleDateTime>
      <ItemType>1</ItemType>
      <ItemName>יין מוסקט קינוח פריי</ItemName>
      <ManufactureName>כרמל מזרחי</ManufactureName>
      <ManufactureCountry>לא ידוע</ManufactureCountry>
      <ManufactureItemDescription>יין מוסקט קינוח פריי</ManufactureItemDescription>
      <UnitQty>לא ידוע</UnitQty>
      <Quantity>500.00</Quantity>
      <UnitOfMeasure>100 מ"ל</UnitOfMeasure>
      <bIsWeighted>0</bIsWeighted>
      <QtyInPackage>לא ידוע</QtyInPackage>
      <ItemPrice>43.80</ItemPrice>
      <UnitOfMeasurePrice>0.09</UnitOfMeasurePrice>
      <AllowDiscount>1</AllowDiscount>
      <ItemStatus/>
    </Item>
    <Item>
      <PriceUpdateTime>2025-04-11T08:23:45.000</PriceUpdateTime>
      <ItemCode>7290008805049</ItemCode>
      <LastSaleDateTime>2026-01-15T08:41:41.000</LastSaleDateTime>
      <ItemType>1</ItemType>
      <ItemName>יין רוזה סלקטד יקבי</ItemName>
      <ManufactureName>כרמל מזרחי</ManufactureName>
      <ManufactureCountry>לא ידוע</ManufactureCountry>
      <ManufactureItemDescription>יין רוזה סלקטד יקבי</ManufactureItemDescription>
      <UnitQty>לא ידוע</UnitQty>
      <Quantity>750.00</Quantity>
      <UnitOfMeasure>100 מ"ל</UnitOfMeasure>
      <bIsWeighted>0</bIsWeighted>
      <QtyInPackage>לא ידוע</QtyInPackage>
      <ItemPrice>31.70</ItemPrice>
      <UnitOfMeasurePrice>0.04</UnitOfMeasurePrice>
      <AllowDiscount>1</AllowDiscount>
      <ItemStatus/>
    </Item>
    <Item>
      <PriceUpdateTime>2025-04-11T08:23:45.000</PriceUpdateTime>
      <ItemCode>7290008805384</ItemCode>
      <LastSaleDateTime>2026-01-22T19:18:58.000</LastSaleDateTime>
      <ItemType>1</ItemType>
      <ItemName>יין מוסקטו סלקטד יקב</ItemName>
      <ManufactureName>כרמל מזרחי</ManufactureName>
      <ManufactureCountry>לא ידוע</ManufactureCountry>
      <ManufactureItemDescription>יין מוסקטו סלקטד יקב</ManufactureItemDescription>
      <UnitQty>לא ידוע</UnitQty>
      <Quantity>750.00</Quantity>
      <UnitOfMeasure>100 מ"ל</UnitOfMeasure>
      <bIsWeighted>0</bIsWeighted>
      <QtyInPackage>לא ידוע</QtyInPackage>
      <ItemPrice>31.70</ItemPrice>
      <UnitOfMeasurePrice>0.04</UnitOfMeasurePrice>
      <AllowDiscount>1</AllowDiscount>
      <ItemStatus/>
    </Item>
    <Item>
      <PriceUpdateTime>2025-04-11T08:23:45.000</PriceUpdateTime>
      <ItemCode>7290008670012</ItemCode>
      <LastSaleDateTime>2015-01-01T00:00:00.000</LastSaleDateTime>
      <ItemType>1</ItemType>
      <ItemName>יין אדום קברנה סובינ</ItemName>
      <ManufactureName>אחים שקד</ManufactureName>
      <ManufactureCountry>לא ידוע</ManufactureCountry>
      <ManufactureItemDescription>יין אדום קברנה סובינ</ManufactureItemDescription>
      <UnitQty>לא ידוע</UnitQty>
      <Quantity>750.00</Quantity>
      <UnitOfMeasure>100 מ"ל</UnitOfMeasure>
      <bIsWeighted>0</bIsWeighted>
      <QtyInPackage>לא ידוע</QtyInPackage>
      <ItemPrice>49.90</ItemPrice>
      <UnitOfMeasurePrice>0.07</UnitOfMeasurePrice>
      <AllowDiscount>1</AllowDiscount>
      <ItemStatus>2</ItemStatus>
    </Item>
    <Item>
      <PriceUpdateTime>2025-04-11T08:23:45.000</PriceUpdateTime>
      <ItemCode>7290008670012</ItemCode>
      <LastSaleDateTime>2015-01-01T00:00:00.000</LastSaleDateTime>
      <ItemType>1</ItemType>
      <ItemName>יין אדום קברנה סובינ</ItemName>
      <ManufactureName>אחים שקד</ManufactureName>
      <ManufactureCountry>לא ידוע</ManufactureCountry>
      <ManufactureItemDescription>יין אדום קברנה סובינ</ManufactureItemDescription>
      <UnitQty>לא ידוע</UnitQty>
      <Quantity>750.00</Quantity>
      <UnitOfMeasure>100 מ"ל</UnitOfMeasure>
      <bIsWeighted>0</bIsWeighted>
      <QtyInPackage>לא ידוע</QtyInPackage>
      <ItemPrice>49.90</ItemPrice>
      <UnitOfMeasurePrice>0.07</UnitOfMeasurePrice>
      <AllowDiscount>1</AllowDiscount>
      <ItemStatus/>
    </Item>
    <Item>
      <PriceUpdateTime>2025-04-11T08:23:45.000</PriceUpdateTime>
      <ItemCode>7290008670029</ItemCode>
      <LastSaleDateTime>2015-01-01T00:00:00.000</LastSaleDateTime>
      <ItemType>1</ItemType>
      <ItemName>יין אדום מרלו רקנאטי</ItemName>
      <ManufactureName>אחים שקד</ManufactureName>
      <ManufactureCountry>לא ידוע</ManufactureCountry>
      <ManufactureItemDescription>יין אדום מרלו רקנאטי</ManufactureItemDescription>
      <UnitQty>לא ידוע</UnitQty>
      <Quantity>750.00</Quantity>
      <UnitOfMeasure>100 מ"ל</UnitOfMeasure>
      <bIsWeighted>0</bIsWeighted>
      <QtyInPackage>לא ידוע</QtyInPackage>
      <ItemPrice>49.90</ItemPrice>
      <UnitOfMeasurePrice>0.07</UnitOfMeasurePrice>
      <AllowDiscount>1</AllowDiscount>
      <ItemStatus>2</ItemStatus>
    </Item>
    <Item>
      <PriceUpdateTime>2025-04-11T08:23:45.000</PriceUpdateTime>
      <ItemCode>7290008670029</ItemCode>
      <LastSaleDateTime>2015-01-01T00:00:00.000</LastSaleDateTime>
      <ItemType>1</ItemType>
      <ItemName>יין אדום מרלו רקנאטי</ItemName>
      <ManufactureName>אחים שקד</ManufactureName>
      <ManufactureCountry>לא ידוע</ManufactureCountry>
      <ManufactureItemDescription>יין אדום מרלו רקנאטי</ManufactureItemDescription>
      <UnitQty>לא ידוע</UnitQty>
      <Quantity>750.00</Quantity>
      <UnitOfMeasure>100 מ"ל</UnitOfMeasure>
      <bIsWeighted>0</bIsWeighted>
      <QtyInPackage>לא ידוע</QtyInPackage>
      <ItemPrice>49.90</ItemPrice>
      <UnitOfMeasurePrice>0.07</UnitOfMeasurePrice>
      <AllowDiscount>1</AllowDiscount>
      <ItemStatus/>
    </Item>
    <Item>
      <PriceUpdateTime>2025-04-11T08:23:45.000</PriceUpdateTime>
      <ItemCode>7290008670142</ItemCode>
      <LastSaleDateTime>2026-01-09T11:06:31.000</LastSaleDateTime>
      <ItemType>1</ItemType>
      <ItemName>יין אדום יסמין רקנאט</ItemName>
      <ManufactureName>אחים שקד</ManufactureName>
      <ManufactureCountry>לא ידוע</ManufactureCountry>
      <ManufactureItemDescription>יין אדום יסמין רקנאט</ManufactureItemDescription>
      <UnitQty>לא ידוע</UnitQty>
      <Quantity>750.00</Quantity>
      <UnitOfMeasure>100 מ"ל</UnitOfMeasure>
      <bIsWeighted>0</bIsWeighted>
      <QtyInPackage>לא ידוע</QtyInPackage>
      <ItemPrice>36.50</ItemPrice>
      <UnitOfMeasurePrice>0.05</UnitOfMeasurePrice>
      <AllowDiscount>1</AllowDiscount>
      <ItemStatus/>
    </Item>
    <Item>
      <PriceUpdateTime>2025-04-11T08:23:45.000</PriceUpdateTime>
      <ItemCode>7290008670159</ItemCode>
      <LastSaleDateTime>2026-01-22T19:38:19.000</LastSaleDateTime>
      <ItemType>1</ItemType>
      <ItemName>יין לבן יסמין רקנאטי</ItemName>
      <ManufactureName>אחים שקד</ManufactureName>
      <ManufactureCountry>לא ידוע</ManufactureCountry>
      <ManufactureItemDescription>יין לבן יסמין רקנאטי</ManufactureItemDescription>
      <UnitQty>לא ידוע</UnitQty>
      <Quantity>750.00</Quantity>
      <UnitOfMeasure>100 מ"ל</UnitOfMeasure>
      <bIsWeighted>0</bIsWeighted>
      <QtyInPackage>לא ידוע</QtyInPackage>
      <ItemPrice>36.50</ItemPrice>
      <UnitOfMeasurePrice>0.05</UnitOfMeasurePrice>
      <AllowDiscount>1</AllowDiscount>
      <ItemStatus/>
    </Item>
    <Item>
      <PriceUpdateTime>2025-04-11T08:23:46.000</PriceUpdateTime>
      <ItemCode>7290008836265</ItemCode>
      <LastSaleDateTime>2015-01-01T00:00:00.000</LastSaleDateTime>
      <ItemType>1</ItemType>
      <ItemName>נינוה יין לבן מוסקט</ItemName>
      <ManufactureName>יקבי אפרת</ManufactureName>
      <ManufactureCountry>לא ידוע</ManufactureCountry>
      <ManufactureItemDescription>נינוה יין לבן מוסקט</ManufactureItemDescription>
      <UnitQty>לא ידוע</UnitQty>
      <Quantity>750.00</Quantity>
      <UnitOfMeasure>100 מ"ל</UnitOfMeasure>
      <bIsWeighted>0</bIsWeighted>
      <QtyInPackage>לא ידוע</QtyInPackage>
      <ItemPrice>24.90</ItemPrice>
      <UnitOfMeasurePrice>0.03</UnitOfMeasurePrice>
      <AllowDiscount>1</AllowDiscount>
      <ItemStatus>2</ItemStatus>
    </Item>
    <Item>
      <PriceUpdateTime>2025-04-11T08:23:46.000</PriceUpdateTime>
      <ItemCode>7290008836265</ItemCode>
      <LastSaleDateTime>2015-01-01T00:00:00.000</LastSaleDateTime>
      <ItemType>1</ItemType>
      <ItemName>נינוה יין לבן מוסקט</ItemName>
      <ManufactureName>יקבי אפרת</ManufactureName>
      <ManufactureCountry>לא ידוע</ManufactureCountry>
      <ManufactureItemDescription>נינוה יין לבן מוסקט</ManufactureItemDescription>
      <UnitQty>לא ידוע</UnitQty>
      <Quantity>750.00</Quantity>
      <UnitOfMeasure>100 מ"ל</UnitOfMeasure>
      <bIsWeighted>0</bIsWeighted>
      <QtyInPackage>לא ידוע</QtyInPackage>
      <ItemPrice>24.90</ItemPrice>
      <UnitOfMeasurePrice>0.03</UnitOfMeasurePrice>
      <AllowDiscount>1</AllowDiscount>
      <ItemStatus/>
    </Item>
    <Item>
      <PriceUpdateTime>2025-04-11T08:23:46.000</PriceUpdateTime>
      <ItemCode>7290008836272</ItemCode>
      <LastSaleDateTime>2015-01-01T00:00:00.000</LastSaleDateTime>
      <ItemType>1</ItemType>
      <ItemName>יין אדום נינוה מוסקט</ItemName>
      <ManufactureName>יקבי אפרת</ManufactureName>
      <ManufactureCountry>לא ידוע</ManufactureCountry>
      <ManufactureItemDescription>יין אדום נינוה מוסקט</ManufactureItemDescription>
      <UnitQty>לא ידוע</UnitQty>
      <Quantity>750.00</Quantity>
      <UnitOfMeasure>100 מ"ל</UnitOfMeasure>
      <bIsWeighted>0</bIsWeighted>
      <QtyInPackage>לא ידוע</QtyInPackage>
      <ItemPrice>24.90</ItemPrice>
      <UnitOfMeasurePrice>0.03</UnitOfMeasurePrice>
      <AllowDiscount>1</AllowDiscount>
      <ItemStatus>2</ItemStatus>
    </Item>
    <Item>
      <PriceUpdateTime>2025-04-11T08:23:46.000</PriceUpdateTime>
      <ItemCode>7290008836272</ItemCode>
      <LastSaleDateTime>2015-01-01T00:00:00.000</LastSaleDateTime>
      <ItemType>1</ItemType>
      <ItemName>יין אדום נינוה מוסקט</ItemName>
      <ManufactureName>יקבי אפרת</ManufactureName>
      <ManufactureCountry>לא ידוע</ManufactureCountry>
      <ManufactureItemDescription>יין אדום נינוה מוסקט</ManufactureItemDescription>
      <UnitQty>לא ידוע</UnitQty>
      <Quantity>750.00</Quantity>
      <UnitOfMeasure>100 מ"ל</UnitOfMeasure>
      <bIsWeighted>0</bIsWeighted>
      <QtyInPackage>לא ידוע</QtyInPackage>
      <ItemPrice>24.90</ItemPrice>
      <UnitOfMeasurePrice>0.03</UnitOfMeasurePrice>
      <AllowDiscount>1</AllowDiscount>
      <ItemStatus/>
    </Item>
    <Item>
      <PriceUpdateTime>2025-04-11T08:23:46.000</PriceUpdateTime>
      <ItemCode>7290008836401</ItemCode>
      <LastSaleDateTime>2015-01-01T00:00:00.000</LastSaleDateTime>
      <ItemType>1</ItemType>
      <ItemName>יין אדום מתוק ישן נו</ItemName>
      <ManufactureName>יקבי אפרת</ManufactureName>
      <ManufactureCountry>לא ידוע</ManufactureCountry>
      <ManufactureItemDescription>יין אדום מתוק ישן נו</ManufactureItemDescription>
      <UnitQty>ליטר</UnitQty>
      <Quantity>1.00</Quantity>
      <UnitOfMeasure>ליטר    </UnitOfMeasure>
      <bIsWeighted>0</bIsWeighted>
      <QtyInPackage>לא ידוע</QtyInPackage>
      <ItemPrice>19.90</ItemPrice>
      <UnitOfMeasurePrice>19.90</UnitOfMeasurePrice>
      <AllowDiscount>1</AllowDiscount>
      <ItemStatus>2</ItemStatus>
    </Item>
    <Item>
      <PriceUpdateTime>2025-04-11T08:23:46.000</PriceUpdateTime>
      <ItemCode>7290008836401</ItemCode>
      <LastSaleDateTime>2015-01-01T00:00:00.000</LastSaleDateTime>
      <ItemType>1</ItemType>
      <ItemName>יין אדום מתוק ישן נו</ItemName>
      <ManufactureName>יקבי אפרת</ManufactureName>
      <ManufactureCountry>לא ידוע</ManufactureCountry>
      <ManufactureItemDescription>יין אדום מתוק ישן נו</ManufactureItemDescription>
      <UnitQty>ליטר</UnitQty>
      <Quantity>1.00</Quantity>
      <UnitOfMeasure>ליטר    </UnitOfMeasure>
      <bIsWeighted>0</bIsWeighted>
      <QtyInPackage>לא ידוע</QtyInPackage>
      <ItemPrice>19.90</ItemPrice>
      <UnitOfMeasurePrice>19.90</UnitOfMeasurePrice>
      <AllowDiscount>1</AllowDiscount>
      <ItemStatus/>
    </Item>
    <Item>
      <PriceUpdateTime>2025-04-11T08:23:46.000</PriceUpdateTime>
      <ItemCode>7290008836425</ItemCode>
      <LastSaleDateTime>2015-01-01T00:00:00.000</LastSaleDateTime>
      <ItemType>1</ItemType>
      <ItemName>יין קל אפרת 1 ליטר</ItemName>
      <ManufactureName>יקבי אפרת</ManufactureName>
      <ManufactureCountry>לא ידוע</ManufactureCountry>
      <ManufactureItemDescription>יין קל אפרת 1 ליטר</ManufactureItemDescription>
      <UnitQty>ליטר</UnitQty>
      <Quantity>1.00</Quantity>
      <UnitOfMeasure>ליטר    </UnitOfMeasure>
      <bIsWeighted>0</bIsWeighted>
      <QtyInPackage>לא ידוע</QtyInPackage>
      <ItemPrice>19.90</ItemPrice>
      <UnitOfMeasurePrice>19.90</UnitOfMeasurePrice>
      <AllowDiscount>1</AllowDiscount>
      <ItemStatus>2</ItemStatus>
    </Item>
    <Item>
      <PriceUpdateTime>2025-04-11T08:23:46.000</PriceUpdateTime>
      <ItemCode>7290008836425</ItemCode>
      <LastSaleDateTime>2015-01-01T00:00:00.000</LastSaleDateTime>
      <ItemType>1</ItemType>
      <ItemName>יין קל אפרת 1 ליטר</ItemName>
      <ManufactureName>יקבי אפרת</ManufactureName>
      <ManufactureCountry>לא ידוע</ManufactureCountry>
      <ManufactureItemDescription>יין קל אפרת 1 ליטר</ManufactureItemDescription>
      <UnitQty>ליטר</UnitQty>
      <Quantity>1.00</Quantity>
      <UnitOfMeasure>ליטר    </UnitOfMeasure>
      <bIsWeighted>0</bIsWeighted>
      <QtyInPackage>לא ידוע</QtyInPackage>
      <ItemPrice>19.90</ItemPrice>
      <UnitOfMeasurePrice>19.90</UnitOfMeasurePrice>
      <AllowDiscount>1</AllowDiscount>
      <ItemStatus/>
    </Item>
    <Item>
      <PriceUpdateTime>2025-04-11T08:23:46.000</PriceUpdateTime>
      <ItemCode>7290010849505</ItemCode>
      <LastSaleDateTime>2026-01-02T13:17:32.000</LastSaleDateTime>
      <ItemType>1</ItemType>
      <ItemName>למברוסקו די לואיג'י</ItemName>
      <ManufactureName>קאויקיולי</ManufactureName>
      <ManufactureCountry>איטליה</ManufactureCountry>
      <ManufactureItemDescription>למברוסקו די לואיג'י רוסו</ManufactureItemDescription>
      <UnitQty>לא ידוע</UnitQty>
      <Quantity>750.00</Quantity>
      <UnitOfMeasure>100 מ"ל</UnitOfMeasure>
      <bIsWeighted>0</bIsWeighted>
      <QtyInPackage>לא ידוע</QtyInPackage>
      <ItemPrice>27.90</ItemPrice>
      <UnitOfMeasurePrice>0.04</UnitOfMeasurePrice>
      <AllowDiscount>1</AllowDiscount>
      <ItemStatus/>
    </Item>
    <Item>
      <PriceUpdateTime>2025-04-11T08:23:46.000</PriceUpdateTime>
      <ItemCode>7290010849512</ItemCode>
      <LastSaleDateTime>2026-01-02T13:17:32.000</LastSaleDateTime>
      <ItemType>1</ItemType>
      <ItemName>למברוסקו די לואיג'י</ItemName>
      <ManufactureName>קאויקיולי</ManufactureName>
      <ManufactureCountry>איטליה</ManufactureCountry>
      <ManufactureItemDescription>למברוסקו די לואיג' רוזאטו</ManufactureItemDescription>
      <UnitQty>לא ידוע</UnitQty>
      <Quantity>750.00</Quantity>
      <UnitOfMeasure>100 מ"ל</UnitOfMeasure>
      <bIsWeighted>0</bIsWeighted>
      <QtyInPackage>לא ידוע</QtyInPackage>
      <ItemPrice>27.90</ItemPrice>
      <UnitOfMeasurePrice>0.04</UnitOfMeasurePrice>
      <AllowDiscount>1</AllowDiscount>
      <ItemStatus/>
    </Item>
    <Item>
      <PriceUpdateTime>2025-04-11T08:23:46.000</PriceUpdateTime>
      <ItemCode>7290010849529</ItemCode>
      <LastSaleDateTime>2025-11-13T00:00:00.000</LastSaleDateTime>
      <ItemType>1</ItemType>
      <ItemName>למברוסקו די לואיג'י</ItemName>
      <ManufactureName>קאויקיולי</ManufactureName>
      <ManufactureCountry>איטליה</ManufactureCountry>
      <ManufactureItemDescription>למברוסקו די לואיג'י ביאנק</ManufactureItemDescription>
      <UnitQty>לא ידוע</UnitQty>
      <Quantity>750.00</Quantity>
      <UnitOfMeasure>100 מ"ל</UnitOfMeasure>
      <bIsWeighted>0</bIsWeighted>
      <QtyInPackage>לא ידוע</QtyInPackage>
      <ItemPrice>27.90</ItemPrice>
      <UnitOfMeasurePrice>0.04</UnitOfMeasurePrice>
      <AllowDiscount>1</AllowDiscount>
      <ItemStatus/>
    </Item>
    <Item>
      <PriceUpdateTime>2025-04-11T08:23:46.000</PriceUpdateTime>
      <ItemCode>7290008805520</ItemCode>
      <LastSaleDateTime>2026-01-29T20:45:40.000</LastSaleDateTime>
      <ItemType>1</ItemType>
      <ItemName>יין קברנה /מרלו סלקט</ItemName>
      <ManufactureName>כרמל מזרחי</ManufactureName>
      <ManufactureCountry>לא ידוע</ManufactureCountry>
      <ManufactureItemDescription>יין קברנה /מרלו סלקט</ManufactureItemDescription>
      <UnitQty>לא ידוע</UnitQty>
      <Quantity>750.00</Quantity>
      <UnitOfMeasure>100 מ"ל</UnitOfMeasure>
      <bIsWeighted>0</bIsWeighted>
      <QtyInPackage>לא ידוע</QtyInPackage>
      <ItemPrice>31.70</ItemPrice>
      <UnitOfMeasurePrice>0.04</UnitOfMeasurePrice>
      <AllowDiscount>1</AllowDiscount>
      <ItemStatus/>
    </Item>
    <Item>
      <PriceUpdateTime>2025-04-11T08:23:47.000</PriceUpdateTime>
      <ItemCode>7290012576348</ItemCode>
      <LastSaleDateTime>2015-01-01T00:00:00.000</LastSaleDateTime>
      <ItemType>1</ItemType>
      <ItemName>ספיישל רזרב שרדונה 7</ItemName>
      <ManufactureName>לא ידוע</ManufactureName>
      <ManufactureCountry>לא ידוע</ManufactureCountry>
      <ManufactureItemDescription>ספיישל רזרב שרדונה 7</ManufactureItemDescription>
      <UnitQty>לא ידוע</UnitQty>
      <Quantity>750.00</Quantity>
      <UnitOfMeasure>100 מ"ל</UnitOfMeasure>
      <bIsWeighted>0</bIsWeighted>
      <QtyInPackage>לא ידוע</QtyInPackage>
      <ItemPrice>54.90</ItemPrice>
      <UnitOfMeasurePrice>0.07</UnitOfMeasurePrice>
      <AllowDiscount>1</AllowDiscount>
      <ItemStatus>2</ItemStatus>
    </Item>
    <Item>
      <PriceUpdateTime>2025-04-11T08:23:47.000</PriceUpdateTime>
      <ItemCode>7290012576348</ItemCode>
      <LastSaleDateTime>2015-01-01T00:00:00.000</LastSaleDateTime>
      <ItemType>1</ItemType>
      <ItemName>ספיישל רזרב שרדונה 7</ItemName>
      <ManufactureName>לא ידוע</ManufactureName>
      <ManufactureCountry>לא ידוע</ManufactureCountry>
      <ManufactureItemDescription>ספיישל רזרב שרדונה 7</ManufactureItemDescription>
      <UnitQty>לא ידוע</UnitQty>
      <Quantity>750.00</Quantity>
      <UnitOfMeasure>100 מ"ל</UnitOfMeasure>
      <bIsWeighted>0</bIsWeighted>
      <QtyInPackage>לא ידוע</QtyInPackage>
      <ItemPrice>54.90</ItemPrice>
      <UnitOfMeasurePrice>0.07</UnitOfMeasurePrice>
      <AllowDiscount>1</AllowDiscount>
      <ItemStatus/>
    </Item>
    <Item>
      <PriceUpdateTime>2025-04-11T08:23:47.000</PriceUpdateTime>
      <ItemCode>7290012576362</ItemCode>
      <LastSaleDateTime>2015-01-01T00:00:00.000</LastSaleDateTime>
      <ItemType>1</ItemType>
      <ItemName>ספיישל רזרב קברנה סו</ItemName>
      <ManufactureName>לא ידוע</ManufactureName>
      <ManufactureCountry>לא ידוע</ManufactureCountry>
      <ManufactureItemDescription>ספיישל רזרב קברנה סו</ManufactureItemDescription>
      <UnitQty>לא ידוע</UnitQty>
      <Quantity>750.00</Quantity>
      <UnitOfMeasure>100 מ"ל</UnitOfMeasure>
      <bIsWeighted>0</bIsWeighted>
      <QtyInPackage>לא ידוע</QtyInPackage>
      <ItemPrice>54.90</ItemPrice>
      <UnitOfMeasurePrice>0.07</UnitOfMeasurePrice>
      <AllowDiscount>1</AllowDiscount>
      <ItemStatus>2</ItemStatus>
    </Item>
    <Item>
      <PriceUpdateTime>2025-04-11T08:23:47.000</PriceUpdateTime>
      <ItemCode>7290012576362</ItemCode>
      <LastSaleDateTime>2015-01-01T00:00:00.000</LastSaleDateTime>
      <ItemType>1</ItemType>
      <ItemName>ספיישל רזרב קברנה סו</ItemName>
      <ManufactureName>לא ידוע</ManufactureName>
      <ManufactureCountry>לא ידוע</ManufactureCountry>
      <ManufactureItemDescription>ספיישל רזרב קברנה סו</ManufactureItemDescription>
      <UnitQty>לא ידוע</UnitQty>
      <Quantity>750.00</Quantity>
      <UnitOfMeasure>100 מ"ל</UnitOfMeasure>
      <bIsWeighted>0</bIsWeighted>
      <QtyInPackage>לא ידוע</QtyInPackage>
      <ItemPrice>54.90</ItemPrice>
      <UnitOfMeasurePrice>0.07</UnitOfMeasurePrice>
      <AllowDiscount>1</AllowDiscount>
      <ItemStatus/>
    </Item>
    <Item>
      <PriceUpdateTime>2025-04-11T08:23:47.000</PriceUpdateTime>
      <ItemCode>7290012576379</ItemCode>
      <LastSaleDateTime>2025-11-27T00:00:00.000</LastSaleDateTime>
      <ItemType>1</ItemType>
      <ItemName>ספיישל רזרב מרלו 750</ItemName>
      <ManufactureName>לא ידוע</ManufactureName>
      <ManufactureCountry>לא ידוע</ManufactureCountry>
      <ManufactureItemDescription>ספיישל רזרב מרלו 750</ManufactureItemDescription>
      <UnitQty>לא ידוע</UnitQty>
      <Quantity>750.00</Quantity>
      <UnitOfMeasure>100 מ"ל</UnitOfMeasure>
      <bIsWeighted>0</bIsWeighted>
      <QtyInPackage>לא ידוע</QtyInPackage>
      <ItemPrice>54.90</ItemPrice>
      <UnitOfMeasurePrice>0.07</UnitOfMeasurePrice>
      <AllowDiscount>1</AllowDiscount>
      <ItemStatus/>
    </Item>
    <Item>
      <PriceUpdateTime>2025-04-11T08:23:49.000</PriceUpdateTime>
      <ItemCode>7290015781657</ItemCode>
      <LastSaleDateTime>2015-01-01T00:00:00.000</LastSaleDateTime>
      <ItemType>1</ItemType>
      <ItemName>למברוסקו רוזה</ItemName>
      <ManufactureName>לא ידוע</ManufactureName>
      <ManufactureCountry>לא ידוע</ManufactureCountry>
      <ManufactureItemDescription>למברוסקו רוזה</ManufactureItemDescription>
      <UnitQty>לא ידוע</UnitQty>
      <Quantity>750.00</Quantity>
      <UnitOfMeasure>100 מ"ל</UnitOfMeasure>
      <bIsWeighted>0</bIsWeighted>
      <QtyInPackage>לא ידוע</QtyInPackage>
      <ItemPrice>34.90</ItemPrice>
      <UnitOfMeasurePrice>0.05</UnitOfMeasurePrice>
      <AllowDiscount>1</AllowDiscount>
      <ItemStatus>2</ItemStatus>
    </Item>
    <Item>
      <PriceUpdateTime>2025-04-11T08:23:49.000</PriceUpdateTime>
      <ItemCode>7290015781657</ItemCode>
      <LastSaleDateTime>2015-01-01T00:00:00.000</LastSaleDateTime>
      <ItemType>1</ItemType>
      <ItemName>למברוסקו רוזה</ItemName>
      <ManufactureName>לא ידוע</ManufactureName>
      <ManufactureCountry>לא ידוע</ManufactureCountry>
      <ManufactureItemDescription>למברוסקו רוזה</ManufactureItemDescription>
      <UnitQty>לא ידוע</UnitQty>
      <Quantity>750.00</Quantity>
      <UnitOfMeasure>100 מ"ל</UnitOfMeasure>
      <bIsWeighted>0</bIsWeighted>
      <QtyInPackage>לא ידוע</QtyInPackage>
      <ItemPrice>34.90</ItemPrice>
      <UnitOfMeasurePrice>0.05</UnitOfMeasurePrice>
      <AllowDiscount>1</AllowDiscount>
      <ItemStatus/>
    </Item>
    <Item>
      <PriceUpdateTime>2025-04-11T08:23:49.000</PriceUpdateTime>
      <ItemCode>7290015781664</ItemCode>
      <LastSaleDateTime>2015-01-01T00:00:00.000</LastSaleDateTime>
      <ItemType>1</ItemType>
      <ItemName>אלגרו למברוסקו לבן 7</ItemName>
      <ManufactureName>לא ידוע</ManufactureName>
      <ManufactureCountry>לא ידוע</ManufactureCountry>
      <ManufactureItemDescription>אלגרו למברוסקו לבן 7</ManufactureItemDescription>
      <UnitQty>לא ידוע</UnitQty>
      <Quantity>750.00</Quantity>
      <UnitOfMeasure>100 מ"ל</UnitOfMeasure>
      <bIsWeighted>0</bIsWeighted>
      <QtyInPackage>לא ידוע</QtyInPackage>
      <ItemPrice>34.90</ItemPrice>
      <UnitOfMeasurePrice>0.05</UnitOfMeasurePrice>
      <AllowDiscount>1</AllowDiscount>
      <ItemStatus>2</ItemStatus>
    </Item>
    <Item>
      <PriceUpdateTime>2025-04-11T08:23:49.000</PriceUpdateTime>
      <ItemCode>7290015781664</ItemCode>
      <LastSaleDateTime>2015-01-01T00:00:00.000</LastSaleDateTime>
      <ItemType>1</ItemType>
      <ItemName>אלגרו למברוסקו לבן 7</ItemName>
      <ManufactureName>לא ידוע</ManufactureName>
      <ManufactureCountry>לא ידוע</ManufactureCountry>
      <ManufactureItemDescription>אלגרו למברוסקו לבן 7</ManufactureItemDescription>
      <UnitQty>לא ידוע</UnitQty>
      <Quantity>750.00</Quantity>
      <UnitOfMeasure>100 מ"ל</UnitOfMeasure>
      <bIsWeighted>0</bIsWeighted>
      <QtyInPackage>לא ידוע</QtyInPackage>
      <ItemPrice>34.90</ItemPrice>
      <UnitOfMeasurePrice>0.05</UnitOfMeasurePrice>
      <AllowDiscount>1</AllowDiscount>
      <ItemStatus/>
    </Item>
    <Item>
      <PriceUpdateTime>2025-04-11T08:23:49.000</PriceUpdateTime>
      <ItemCode>7290016188592</ItemCode>
      <LastSaleDateTime>2026-01-08T15:37:39.000</LastSaleDateTime>
      <ItemType>1</ItemType>
      <ItemName>למברוסקו אדום גקובזי</ItemName>
      <ManufactureName>ג'אגובאצי</ManufactureName>
      <ManufactureCountry>איטליה</ManufactureCountry>
      <ManufactureItemDescription>למברוסקו אדום גקובזי</ManufactureItemDescription>
      <UnitQty>לא ידוע</UnitQty>
      <Quantity>750.00</Quantity>
      <UnitOfMeasure>100 מ"ל</UnitOfMeasure>
      <bIsWeighted>0</bIsWeighted>
      <QtyInPackage>לא ידוע</QtyInPackage>
      <ItemPrice>23.90</ItemPrice>
      <UnitOfMeasurePrice>0.03</UnitOfMeasurePrice>
      <AllowDiscount>1</AllowDiscount>
      <ItemStatus/>
    </Item>
    <Item>
      <PriceUpdateTime>2025-04-11T08:23:49.000</PriceUpdateTime>
      <ItemCode>7290016188608</ItemCode>
      <LastSaleDateTime>2026-01-29T16:04:59.000</LastSaleDateTime>
      <ItemType>1</ItemType>
      <ItemName>למברוסקו לבן יקבי כר</ItemName>
      <ManufactureName>ג'אגובאצי</ManufactureName>
      <ManufactureCountry>איטליה</ManufactureCountry>
      <ManufactureItemDescription>למברוסקו לבן יקבי כר</ManufactureItemDescription>
      <UnitQty>לא ידוע</UnitQty>
      <Quantity>750.00</Quantity>
      <UnitOfMeasure>100 מ"ל</UnitOfMeasure>
      <bIsWeighted>0</bIsWeighted>
      <QtyInPackage>לא ידוע</QtyInPackage>
      <ItemPrice>23.90</ItemPrice>
      <UnitOfMeasurePrice>0.03</UnitOfMeasurePrice>
      <AllowDiscount>1</AllowDiscount>
      <ItemStatus/>
    </Item>
    <Item>
      <PriceUpdateTime>2025-04-11T08:23:49.000</PriceUpdateTime>
      <ItemCode>7290014027213</ItemCode>
      <LastSaleDateTime>2015-01-01T00:00:00.000</LastSaleDateTime>
      <ItemType>1</ItemType>
      <ItemName>ערק ג'באלנא 700 מל</ItemName>
      <ManufactureName>לא ידוע</ManufactureName>
      <ManufactureCountry>לא ידוע</ManufactureCountry>
      <ManufactureItemDescription>ערק ג'באלנא 700 מל</ManufactureItemDescription>
      <UnitQty>לא ידוע</UnitQty>
      <Quantity>700.00</Quantity>
      <UnitOfMeasure>100 מ"ל</UnitOfMeasure>
      <bIsWeighted>0</bIsWeighted>
      <QtyInPackage>לא ידוע</QtyInPackage>
      <ItemPrice>54.90</ItemPrice>
      <UnitOfMeasurePrice>0.08</UnitOfMeasurePrice>
      <AllowDiscount>1</AllowDiscount>
      <ItemStatus>2</ItemStatus>
    </Item>
    <Item>
      <PriceUpdateTime>2025-04-11T08:23:49.000</PriceUpdateTime>
      <ItemCode>7290014027213</ItemCode>
      <LastSaleDateTime>2015-01-01T00:00:00.000</LastSaleDateTime>
      <ItemType>1</ItemType>
      <ItemName>ערק ג'באלנא 700 מל</ItemName>
      <ManufactureName>לא ידוע</ManufactureName>
      <ManufactureCountry>לא ידוע</ManufactureCountry>
      <ManufactureItemDescription>ערק ג'באלנא 700 מל</ManufactureItemDescription>
      <UnitQty>לא ידוע</UnitQty>
      <Quantity>700.00</Quantity>
      <UnitOfMeasure>100 מ"ל</UnitOfMeasure>
      <bIsWeighted>0</bIsWeighted>
      <QtyInPackage>לא ידוע</QtyInPackage>
      <ItemPrice>54.90</ItemPrice>
      <UnitOfMeasurePrice>0.08</UnitOfMeasurePrice>
      <AllowDiscount>1</AllowDiscount>
      <ItemStatus/>
    </Item>
    <Item>
      <PriceUpdateTime>2025-04-11T08:23:49.000</PriceUpdateTime>
      <ItemCode>7290014466128</ItemCode>
      <LastSaleDateTime>2025-11-26T00:00:00.000</LastSaleDateTime>
      <ItemType>1</ItemType>
      <ItemName>הר חרמון אינדגו 750</ItemName>
      <ManufactureName>יקב רמת הגולן</ManufactureName>
      <ManufactureCountry>לא ידוע</ManufactureCountry>
      <ManufactureItemDescription>הר חרמון אינדגו 750</ManufactureItemDescription>
      <UnitQty>לא ידוע</UnitQty>
      <Quantity>750.00</Quantity>
      <UnitOfMeasure>100 מ"ל</UnitOfMeasure>
      <bIsWeighted>0</bIsWeighted>
      <QtyInPackage>לא ידוע</QtyInPackage>
      <ItemPrice>34.90</ItemPrice>
      <UnitOfMeasurePrice>0.05</UnitOfMeasurePrice>
      <AllowDiscount>1</AllowDiscount>
      <ItemStatus/>
    </Item>
    <Item>
      <PriceUpdateTime>2025-04-11T08:23:49.000</PriceUpdateTime>
      <ItemCode>7290014466463</ItemCode>
      <LastSaleDateTime>2025-10-20T00:00:00.000</LastSaleDateTime>
      <ItemType>1</ItemType>
      <ItemName>הר חרמון מוסקטו 750</ItemName>
      <ManufactureName>יקב רמת הגולן</ManufactureName>
      <ManufactureCountry>לא ידוע</ManufactureCountry>
      <ManufactureItemDescription>הר חרמון מוסקטו 750</ManufactureItemDescription>
      <UnitQty>לא ידוע</UnitQty>
      <Quantity>750.00</Quantity>
      <UnitOfMeasure>100 מ"ל</UnitOfMeasure>
      <bIsWeighted>0</bIsWeighted>
      <QtyInPackage>לא ידוע</QtyInPackage>
      <ItemPrice>34.90</ItemPrice>
      <UnitOfMeasurePrice>0.05</UnitOfMeasurePrice>
      <AllowDiscount>1</AllowDiscount>
      <ItemStatus>2</ItemStatus>
    </Item>
    <Item>
      <PriceUpdateTime>2025-04-11T08:23:49.000</PriceUpdateTime>
      <ItemCode>7290014466463</ItemCode>
      <LastSaleDateTime>2025-10-20T00:00:00.000</LastSaleDateTime>
      <ItemType>1</ItemType>
      <ItemName>הר חרמון מוסקטו 750</ItemName>
      <ManufactureName>יקב רמת הגולן</ManufactureName>
      <ManufactureCountry>לא ידוע</ManufactureCountry>
      <ManufactureItemDescription>הר חרמון מוסקטו 750</ManufactureItemDescription>
      <UnitQty>לא ידוע</UnitQty>
      <Quantity>750.00</Quantity>
      <UnitOfMeasure>100 מ"ל</UnitOfMeasure>
      <bIsWeighted>0</bIsWeighted>
      <QtyInPackage>לא ידוע</QtyInPackage>
      <ItemPrice>34.90</ItemPrice>
      <UnitOfMeasurePrice>0.05</UnitOfMeasurePrice>
      <AllowDiscount>1</AllowDiscount>
      <ItemStatus/>
    </Item>
    <Item>
      <PriceUpdateTime>2025-04-11T08:23:49.000</PriceUpdateTime>
      <ItemCode>7290015951227</ItemCode>
      <LastSaleDateTime>2025-07-18T00:00:00.000</LastSaleDateTime>
      <ItemType>1</ItemType>
      <ItemName>גמלא סירה 2017 750מל</ItemName>
      <ManufactureName>לא ידוע</ManufactureName>
      <ManufactureCountry>לא ידוע</ManufactureCountry>
      <ManufactureItemDescription>גמלא סירה 2017 750מל</ManufactureItemDescription>
      <UnitQty>לא ידוע</UnitQty>
      <Quantity>750.00</Quantity>
      <UnitOfMeasure>100 מ"ל</UnitOfMeasure>
      <bIsWeighted>0</bIsWeighted>
      <QtyInPackage>לא ידוע</QtyInPackage>
      <ItemPrice>59.90</ItemPrice>
      <UnitOfMeasurePrice>0.08</UnitOfMeasurePrice>
      <AllowDiscount>1</AllowDiscount>
      <ItemStatus>2</ItemStatus>
    </Item>
    <Item>
      <PriceUpdateTime>2025-04-11T08:23:49.000</PriceUpdateTime>
      <ItemCode>7290015951227</ItemCode>
      <LastSaleDateTime>2025-07-18T00:00:00.000</LastSaleDateTime>
      <ItemType>1</ItemType>
      <ItemName>גמלא סירה 2017 750מל</ItemName>
      <ManufactureName>לא ידוע</ManufactureName>
      <ManufactureCountry>לא ידוע</ManufactureCountry>
      <ManufactureItemDescription>גמלא סירה 2017 750מל</ManufactureItemDescription>
      <UnitQty>לא ידוע</UnitQty>
      <Quantity>750.00</Quantity>
      <UnitOfMeasure>100 מ"ל</UnitOfMeasure>
      <bIsWeighted>0</bIsWeighted>
      <QtyInPackage>לא ידוע</QtyInPackage>
      <ItemPrice>59.90</ItemPrice>
      <UnitOfMeasurePrice>0.08</UnitOfMeasurePrice>
      <AllowDiscount>1</AllowDiscount>
      <ItemStatus/>
    </Item>
    <Item>
      <PriceUpdateTime>2025-04-11T08:23:49.000</PriceUpdateTime>
      <ItemCode>7290015951869</ItemCode>
      <LastSaleDateTime>2025-10-15T00:00:00.000</LastSaleDateTime>
      <ItemType>1</ItemType>
      <ItemName>הר חרמון רוזה 750מ"ל</ItemName>
      <ManufactureName>לא ידוע</ManufactureName>
      <ManufactureCountry>לא ידוע</ManufactureCountry>
      <ManufactureItemDescription>הר חרמון רוזה 750מ"ל</ManufactureItemDescription>
      <UnitQty>לא ידוע</UnitQty>
      <Quantity>750.00</Quantity>
      <UnitOfMeasure>100 מ"ל</UnitOfMeasure>
      <bIsWeighted>0</bIsWeighted>
      <QtyInPackage>לא ידוע</QtyInPackage>
      <ItemPrice>34.90</ItemPrice>
      <UnitOfMeasurePrice>0.05</UnitOfMeasurePrice>
      <AllowDiscount>1</AllowDiscount>
      <ItemStatus>2</ItemStatus>
    </Item>
    <Item>
      <PriceUpdateTime>2025-04-11T08:23:49.000</PriceUpdateTime>
      <ItemCode>7290015951869</ItemCode>
      <LastSaleDateTime>2025-10-15T00:00:00.000</LastSaleDateTime>
      <ItemType>1</ItemType>
      <ItemName>הר חרמון רוזה 750מ"ל</ItemName>
      <ManufactureName>לא ידוע</ManufactureName>
      <ManufactureCountry>לא ידוע</ManufactureCountry>
      <ManufactureItemDescription>הר חרמון רוזה 750מ"ל</ManufactureItemDescription>
      <UnitQty>לא ידוע</UnitQty>
      <Quantity>750.00</Quantity>
      <UnitOfMeasure>100 מ"ל</UnitOfMeasure>
      <bIsWeighted>0</bIsWeighted>
      <QtyInPackage>לא ידוע</QtyInPackage>
      <ItemPrice>34.90</ItemPrice>
      <UnitOfMeasurePrice>0.05</UnitOfMeasurePrice>
      <AllowDiscount>1</AllowDiscount>
      <ItemStatus/>
    </Item>
    <Item>
      <PriceUpdateTime>2025-04-11T08:23:49.000</PriceUpdateTime>
      <ItemCode>7290015951890</ItemCode>
      <LastSaleDateTime>2025-12-05T00:00:00.000</LastSaleDateTime>
      <ItemType>1</ItemType>
      <ItemName>הר חרמון קברנה סובני</ItemName>
      <ManufactureName>לא ידוע</ManufactureName>
      <ManufactureCountry>לא ידוע</ManufactureCountry>
      <ManufactureItemDescription>הר חרמון קברנה סובני</ManufactureItemDescription>
      <UnitQty>לא ידוע</UnitQty>
      <Quantity>750.00</Quantity>
      <UnitOfMeasure>100 מ"ל</UnitOfMeasure>
      <bIsWeighted>0</bIsWeighted>
      <QtyInPackage>לא ידוע</QtyInPackage>
      <ItemPrice>34.90</ItemPrice>
      <UnitOfMeasurePrice>0.05</UnitOfMeasurePrice>
      <AllowDiscount>1</AllowDiscount>
      <ItemStatus/>
    </Item>
    <Item>
      <PriceUpdateTime>2025-04-11T08:23:50.000</PriceUpdateTime>
      <ItemCode>7290017023816</ItemCode>
      <LastSaleDateTime>2026-01-29T19:01:12.000</LastSaleDateTime>
      <ItemType>1</ItemType>
      <ItemName>ספרינג פירות טרופיים</ItemName>
      <ManufactureName>לא ידוע</ManufactureName>
      <ManufactureCountry>לא ידוע</ManufactureCountry>
      <ManufactureItemDescription>ספרינג פירות טרופיים</ManufactureItemDescription>
      <UnitQty>ליטר</UnitQty>
      <Quantity>1.00</Quantity>
      <UnitOfMeasure>ליטר    </UnitOfMeasure>
      <bIsWeighted>0</bIsWeighted>
      <QtyInPackage>לא ידוע</QtyInPackage>
      <ItemPrice>12.50</ItemPrice>
      <UnitOfMeasurePrice>12.50</UnitOfMeasurePrice>
      <AllowDiscount>1</AllowDiscount>
      <ItemStatus/>
    </Item>
    <Item>
      <PriceUpdateTime>2025-04-11T08:23:50.000</PriceUpdateTime>
      <ItemCode>7290017023823</ItemCode>
      <LastSaleDateTime>2026-01-29T21:13:55.000</LastSaleDateTime>
      <ItemType>1</ItemType>
      <ItemName>ספרינג תות בננה 4*25</ItemName>
      <ManufactureName>לא ידוע</ManufactureName>
      <ManufactureCountry>לא ידוע</ManufactureCountry>
      <ManufactureItemDescription>ספרינג תות בננה 4*25</ManufactureItemDescription>
      <UnitQty>ליטר</UnitQty>
      <Quantity>1.00</Quantity>
      <UnitOfMeasure>ליטר    </UnitOfMeasure>
      <bIsWeighted>0</bIsWeighted>
      <QtyInPackage>לא ידוע</QtyInPackage>
      <ItemPrice>12.50</ItemPrice>
      <UnitOfMeasurePrice>12.50</UnitOfMeasurePrice>
      <AllowDiscount>1</AllowDiscount>
      <ItemStatus/>
    </Item>
    <Item>
      <PriceUpdateTime>2025-04-11T08:23:50.000</PriceUpdateTime>
      <ItemCode>7290016717099</ItemCode>
      <LastSaleDateTime>2026-01-29T22:03:45.000</LastSaleDateTime>
      <ItemType>1</ItemType>
      <ItemName>יין אדום חצי יבש סלק</ItemName>
      <ManufactureName>כרמל מזרחי</ManufactureName>
      <ManufactureCountry>לא ידוע</ManufactureCountry>
      <ManufactureItemDescription>יין אדום חצי יבש סלק</ManufactureItemDescription>
      <UnitQty>לא ידוע</UnitQty>
      <Quantity>750.00</Quantity>
      <UnitOfMeasure>100 מ"ל</UnitOfMeasure>
      <bIsWeighted>0</bIsWeighted>
      <QtyInPackage>לא ידוע</QtyInPackage>
      <ItemPrice>31.70</ItemPrice>
      <UnitOfMeasurePrice>0.04</UnitOfMeasurePrice>
      <AllowDiscount>1</AllowDiscount>
      <ItemStatus/>
    </Item>
    <Item>
      <PriceUpdateTime>2025-04-11T08:23:50.000</PriceUpdateTime>
      <ItemCode>7290016717235</ItemCode>
      <LastSaleDateTime>2015-01-01T00:00:00.000</LastSaleDateTime>
      <ItemType>1</ItemType>
      <ItemName>יין קידוש קונקורד קי</ItemName>
      <ManufactureName>לא ידוע</ManufactureName>
      <ManufactureCountry>לא ידוע</ManufactureCountry>
      <ManufactureItemDescription>יין קידוש קונקורד קי</ManufactureItemDescription>
      <UnitQty>לא ידוע</UnitQty>
      <Quantity>187.00</Quantity>
      <UnitOfMeasure>100 מ"ל</UnitOfMeasure>
      <bIsWeighted>0</bIsWeighted>
      <QtyInPackage>לא ידוע</QtyInPackage>
      <ItemPrice>5.90</ItemPrice>
      <UnitOfMeasurePrice>0.03</UnitOfMeasurePrice>
      <AllowDiscount>1</AllowDiscount>
      <ItemStatus>2</ItemStatus>
    </Item>
    <Item>
      <PriceUpdateTime>2025-04-11T08:23:50.000</PriceUpdateTime>
      <ItemCode>7290016717235</ItemCode>
      <LastSaleDateTime>2015-01-01T00:00:00.000</LastSaleDateTime>
      <ItemType>1</ItemType>
      <ItemName>יין קידוש קונקורד קי</ItemName>
      <ManufactureName>לא ידוע</ManufactureName>
      <ManufactureCountry>לא ידוע</ManufactureCountry>
      <ManufactureItemDescription>יין קידוש קונקורד קי</ManufactureItemDescription>
      <UnitQty>לא ידוע</UnitQty>
      <Quantity>187.00</Quantity>
      <UnitOfMeasure>100 מ"ל</UnitOfMeasure>
      <bIsWeighted>0</bIsWeighted>
      <QtyInPackage>לא ידוע</QtyInPackage>
      <ItemPrice>5.90</ItemPrice>
      <UnitOfMeasurePrice>0.03</UnitOfMeasurePrice>
      <AllowDiscount>1</AllowDiscount>
      <ItemStatus/>
    </Item>
    <Item>
      <PriceUpdateTime>2025-04-11T08:23:50.000</PriceUpdateTime>
      <ItemCode>7290016717631</ItemCode>
      <LastSaleDateTime>2026-01-27T12:47:22.000</LastSaleDateTime>
      <ItemType>1</ItemType>
      <ItemName>יין מוסקטו פרייבט קו</ItemName>
      <ManufactureName>לא ידוע</ManufactureName>
      <ManufactureCountry>לא ידוע</ManufactureCountry>
      <ManufactureItemDescription>יין מוסקטו פרייבט קו</ManufactureItemDescription>
      <UnitQty>לא ידוע</UnitQty>
      <Quantity>750.00</Quantity>
      <UnitOfMeasure>100 מ"ל</UnitOfMeasure>
      <bIsWeighted>0</bIsWeighted>
      <QtyInPackage>לא ידוע</QtyInPackage>
      <ItemPrice>43.80</ItemPrice>
      <UnitOfMeasurePrice>0.06</UnitOfMeasurePrice>
      <AllowDiscount>1</AllowDiscount>
      <ItemStatus/>
    </Item>
    <Item>
      <PriceUpdateTime>2025-04-11T08:23:50.000</PriceUpdateTime>
      <ItemCode>7290016693041</ItemCode>
      <LastSaleDateTime>2026-01-29T20:00:05.000</LastSaleDateTime>
      <ItemType>1</ItemType>
      <ItemName>אמירים רזרב קברנה 75</ItemName>
      <ManufactureName>לא ידוע</ManufactureName>
      <ManufactureCountry>לא ידוע</ManufactureCountry>
      <ManufactureItemDescription>אמירים רזרב קברנה 75</ManufactureItemDescription>
      <UnitQty>לא ידוע</UnitQty>
      <Quantity>750.00</Quantity>
      <UnitOfMeasure>100 מ"ל</UnitOfMeasure>
      <bIsWeighted>0</bIsWeighted>
      <QtyInPackage>לא ידוע</QtyInPackage>
      <ItemPrice>19.90</ItemPrice>
      <UnitOfMeasurePrice>0.03</UnitOfMeasurePrice>
      <AllowDiscount>1</AllowDiscount>
      <ItemStatus/>
    </Item>
    <Item>
      <PriceUpdateTime>2025-04-11T08:23:50.000</PriceUpdateTime>
      <ItemCode>7290016693058</ItemCode>
      <LastSaleDateTime>2026-01-22T18:31:17.000</LastSaleDateTime>
      <ItemType>1</ItemType>
      <ItemName>אמירים רזרב מרלו 750</ItemName>
      <ManufactureName>לא ידוע</ManufactureName>
      <ManufactureCountry>לא ידוע</ManufactureCountry>
      <ManufactureItemDescription>אמירים רזרב מרלו 750</ManufactureItemDescription>
      <UnitQty>לא ידוע</UnitQty>
      <Quantity>750.00</Quantity>
      <UnitOfMeasure>100 מ"ל</UnitOfMeasure>
      <bIsWeighted>0</bIsWeighted>
      <QtyInPackage>לא ידוע</QtyInPackage>
      <ItemPrice>19.90</ItemPrice>
      <UnitOfMeasurePrice>0.03</UnitOfMeasurePrice>
      <AllowDiscount>1</AllowDiscount>
      <ItemStatus/>
    </Item>
    <Item>
      <PriceUpdateTime>2025-04-11T08:23:50.000</PriceUpdateTime>
      <ItemCode>7290016693065</ItemCode>
      <LastSaleDateTime>2025-07-09T00:00:00.000</LastSaleDateTime>
      <ItemType>1</ItemType>
      <ItemName>אמירים רזרב רוזה 750</ItemName>
      <ManufactureName>לא ידוע</ManufactureName>
      <ManufactureCountry>לא ידוע</ManufactureCountry>
      <ManufactureItemDescription>אמירים רזרב רוזה 750</ManufactureItemDescription>
      <UnitQty>לא ידוע</UnitQty>
      <Quantity>750.00</Quantity>
      <UnitOfMeasure>100 מ"ל</UnitOfMeasure>
      <bIsWeighted>0</bIsWeighted>
      <QtyInPackage>לא ידוע</QtyInPackage>
      <ItemPrice>19.90</ItemPrice>
      <UnitOfMeasurePrice>0.03</UnitOfMeasurePrice>
      <AllowDiscount>1</AllowDiscount>
      <ItemStatus>2</ItemStatus>
    </Item>
    <Item>
      <PriceUpdateTime>2025-04-11T08:23:50.000</PriceUpdateTime>
      <ItemCode>7290016693065</ItemCode>
      <LastSaleDateTime>2025-07-09T00:00:00.000</LastSaleDateTime>
      <ItemType>1</ItemType>
      <ItemName>אמירים רזרב רוזה 750</ItemName>
      <ManufactureName>לא ידוע</ManufactureName>
      <ManufactureCountry>לא ידוע</ManufactureCountry>
      <ManufactureItemDescription>אמירים רזרב רוזה 750</ManufactureItemDescription>
      <UnitQty>לא ידוע</UnitQty>
      <Quantity>750.00</Quantity>
      <UnitOfMeasure>100 מ"ל</UnitOfMeasure>
      <bIsWeighted>0</bIsWeighted>
      <QtyInPackage>לא ידוע</QtyInPackage>
      <ItemPrice>19.90</ItemPrice>
      <UnitOfMeasurePrice>0.03</UnitOfMeasurePrice>
      <AllowDiscount>1</AllowDiscount>
      <ItemStatus/>
    </Item>
    <Item>
      <PriceUpdateTime>2025-04-11T08:23:51.000</PriceUpdateTime>
      <ItemCode>7290017289175</ItemCode>
      <LastSaleDateTime>2015-01-01T00:00:00.000</LastSaleDateTime>
      <ItemType>1</ItemType>
      <ItemName>פטיט סירה סדרת ישראל</ItemName>
      <ManufactureName>לא ידוע</ManufactureName>
      <ManufactureCountry>לא ידוע</ManufactureCountry>
      <ManufactureItemDescription>פטיט סירה סדרת ישראל</ManufactureItemDescription>
      <UnitQty>לא ידוע</UnitQty>
      <Quantity>750.00</Quantity>
      <UnitOfMeasure>100 מ"ל</UnitOfMeasure>
      <bIsWeighted>0</bIsWeighted>
      <QtyInPackage>לא ידוע</QtyInPackage>
      <ItemPrice>21.50</ItemPrice>
      <UnitOfMeasurePrice>0.03</UnitOfMeasurePrice>
      <AllowDiscount>1</AllowDiscount>
      <ItemStatus>2</ItemStatus>
    </Item>
    <Item>
      <PriceUpdateTime>2025-04-11T08:23:51.000</PriceUpdateTime>
      <ItemCode>7290017289175</ItemCode>
      <LastSaleDateTime>2015-01-01T00:00:00.000</LastSaleDateTime>
      <ItemType>1</ItemType>
      <ItemName>פטיט סירה סדרת ישראל</ItemName>
      <ManufactureName>לא ידוע</ManufactureName>
      <ManufactureCountry>לא ידוע</ManufactureCountry>
      <ManufactureItemDescription>פטיט סירה סדרת ישראל</ManufactureItemDescription>
      <UnitQty>לא ידוע</UnitQty>
      <Quantity>750.00</Quantity>
      <UnitOfMeasure>100 מ"ל</UnitOfMeasure>
      <bIsWeighted>0</bIsWeighted>
      <QtyInPackage>לא ידוע</QtyInPackage>
      <ItemPrice>21.50</ItemPrice>
      <UnitOfMeasurePrice>0.03</UnitOfMeasurePrice>
      <AllowDiscount>1</AllowDiscount>
      <ItemStatus/>
    </Item>
    <Item>
      <PriceUpdateTime>2025-04-11T08:23:51.000</PriceUpdateTime>
      <ItemCode>7290017289205</ItemCode>
      <LastSaleDateTime>2015-01-01T00:00:00.000</LastSaleDateTime>
      <ItemType>1</ItemType>
      <ItemName>קברנה סובניון סדרת י</ItemName>
      <ManufactureName>לא ידוע</ManufactureName>
      <ManufactureCountry>לא ידוע</ManufactureCountry>
      <ManufactureItemDescription>קברנה סובניון סדרת י</ManufactureItemDescription>
      <UnitQty>לא ידוע</UnitQty>
      <Quantity>750.00</Quantity>
      <UnitOfMeasure>100 מ"ל</UnitOfMeasure>
      <bIsWeighted>0</bIsWeighted>
      <QtyInPackage>לא ידוע</QtyInPackage>
      <ItemPrice>21.50</ItemPrice>
      <UnitOfMeasurePrice>0.03</UnitOfMeasurePrice>
      <AllowDiscount>1</AllowDiscount>
      <ItemStatus>2</ItemStatus>
    </Item>
    <Item>
      <PriceUpdateTime>2025-04-11T08:23:51.000</PriceUpdateTime>
      <ItemCode>7290017289205</ItemCode>
      <LastSaleDateTime>2015-01-01T00:00:00.000</LastSaleDateTime>
      <ItemType>1</ItemType>
      <ItemName>קברנה סובניון סדרת י</ItemName>
      <ManufactureName>לא ידוע</ManufactureName>
      <ManufactureCountry>לא ידוע</ManufactureCountry>
      <ManufactureItemDescription>קברנה סובניון סדרת י</ManufactureItemDescription>
      <UnitQty>לא ידוע</UnitQty>
      <Quantity>750.00</Quantity>
      <UnitOfMeasure>100 מ"ל</UnitOfMeasure>
      <bIsWeighted>0</bIsWeighted>
      <QtyInPackage>לא ידוע</QtyInPackage>
      <ItemPrice>21.50</ItemPrice>
      <UnitOfMeasurePrice>0.03</UnitOfMeasurePrice>
      <AllowDiscount>1</AllowDiscount>
      <ItemStatus/>
    </Item>
    <Item>
      <PriceUpdateTime>2025-04-11T08:23:51.000</PriceUpdateTime>
      <ItemCode>7290017925363</ItemCode>
      <LastSaleDateTime>2015-01-01T00:00:00.000</LastSaleDateTime>
      <ItemType>1</ItemType>
      <ItemName>בירה נגב פאטה מורגנה</ItemName>
      <ManufactureName>לא ידוע</ManufactureName>
      <ManufactureCountry>לא ידוע</ManufactureCountry>
      <ManufactureItemDescription>בירה נגב פאטה מורגנה</ManufactureItemDescription>
      <UnitQty>לא ידוע</UnitQty>
      <Quantity>330.00</Quantity>
      <UnitOfMeasure>100 מ"ל</UnitOfMeasure>
      <bIsWeighted>0</bIsWeighted>
      <QtyInPackage>לא ידוע</QtyInPackage>
      <ItemPrice>13.90</ItemPrice>
      <UnitOfMeasurePrice>0.04</UnitOfMeasurePrice>
      <AllowDiscount>1</AllowDiscount>
      <ItemStatus>2</ItemStatus>
    </Item>
    <Item>
      <PriceUpdateTime>2025-04-11T08:23:51.000</PriceUpdateTime>
      <ItemCode>7290017925363</ItemCode>
      <LastSaleDateTime>2015-01-01T00:00:00.000</LastSaleDateTime>
      <ItemType>1</ItemType>
      <ItemName>בירה נגב פאטה מורגנה</ItemName>
      <ManufactureName>לא ידוע</ManufactureName>
      <ManufactureCountry>לא ידוע</ManufactureCountry>
      <ManufactureItemDescription>בירה נגב פאטה מורגנה</ManufactureItemDescription>
      <UnitQty>לא ידוע</UnitQty>
      <Quantity>330.00</Quantity>
      <UnitOfMeasure>100 מ"ל</UnitOfMeasure>
      <bIsWeighted>0</bIsWeighted>
      <QtyInPackage>לא ידוע</QtyInPackage>
      <ItemPrice>13.90</ItemPrice>
      <UnitOfMeasurePrice>0.04</UnitOfMeasurePrice>
      <AllowDiscount>1</AllowDiscount>
      <ItemStatus/>
    </Item>
    <Item>
      <PriceUpdateTime>2025-04-11T08:23:51.000</PriceUpdateTime>
      <ItemCode>7290017812830</ItemCode>
      <LastSaleDateTime>2026-01-16T11:02:30.000</LastSaleDateTime>
      <ItemType>1</ItemType>
      <ItemName>יין רוזה פרייבט קולק</ItemName>
      <ManufactureName>לא ידוע</ManufactureName>
      <ManufactureCountry>לא ידוע</ManufactureCountry>
      <ManufactureItemDescription>יין רוזה פרייבט קולק</ManufactureItemDescription>
      <UnitQty>לא ידוע</UnitQty>
      <Quantity>750.00</Quantity>
      <UnitOfMeasure>100 מ"ל</UnitOfMeasure>
      <bIsWeighted>0</bIsWeighted>
      <QtyInPackage>לא ידוע</QtyInPackage>
      <ItemPrice>43.80</ItemPrice>
      <UnitOfMeasurePrice>0.06</UnitOfMeasurePrice>
      <AllowDiscount>1</AllowDiscount>
      <ItemStatus/>
    </Item>
    <Item>
      <PriceUpdateTime>2025-04-11T08:23:51.000</PriceUpdateTime>
      <ItemCode>7290017812885</ItemCode>
      <LastSaleDateTime>2015-01-01T00:00:00.000</LastSaleDateTime>
      <ItemType>1</ItemType>
      <ItemName>P.C סוביניון גוורצטר</ItemName>
      <ManufactureName>לא ידוע</ManufactureName>
      <ManufactureCountry>לא ידוע</ManufactureCountry>
      <ManufactureItemDescription>P.C סוביניון גוורצטר</ManufactureItemDescription>
      <UnitQty>לא ידוע</UnitQty>
      <Quantity>750.00</Quantity>
      <UnitOfMeasure>100 מ"ל</UnitOfMeasure>
      <bIsWeighted>0</bIsWeighted>
      <QtyInPackage>לא ידוע</QtyInPackage>
      <ItemPrice>43.80</ItemPrice>
      <UnitOfMeasurePrice>0.06</UnitOfMeasurePrice>
      <AllowDiscount>1</AllowDiscount>
      <ItemStatus>2</ItemStatus>
    </Item>
    <Item>
      <PriceUpdateTime>2025-04-11T08:23:51.000</PriceUpdateTime>
      <ItemCode>7290017812885</ItemCode>
      <LastSaleDateTime>2015-01-01T00:00:00.000</LastSaleDateTime>
      <ItemType>1</ItemType>
      <ItemName>P.C סוביניון גוורצטר</ItemName>
      <ManufactureName>לא ידוע</ManufactureName>
      <ManufactureCountry>לא ידוע</ManufactureCountry>
      <ManufactureItemDescription>P.C סוביניון גוורצטר</ManufactureItemDescription>
      <UnitQty>לא ידוע</UnitQty>
      <Quantity>750.00</Quantity>
      <UnitOfMeasure>100 מ"ל</UnitOfMeasure>
      <bIsWeighted>0</bIsWeighted>
      <QtyInPackage>לא ידוע</QtyInPackage>
      <ItemPrice>43.80</ItemPrice>
      <UnitOfMeasurePrice>0.06</UnitOfMeasurePrice>
      <AllowDiscount>1</AllowDiscount>
      <ItemStatus/>
    </Item>
    <Item>
      <PriceUpdateTime>2025-04-11T08:23:51.000</PriceUpdateTime>
      <ItemCode>7290017647425</ItemCode>
      <LastSaleDateTime>2025-09-21T00:00:00.000</LastSaleDateTime>
      <ItemType>1</ItemType>
      <ItemName>גמלא קברנה סובניון 7</ItemName>
      <ManufactureName>לא ידוע</ManufactureName>
      <ManufactureCountry>לא ידוע</ManufactureCountry>
      <ManufactureItemDescription>גמלא קברנה סובניון 7</ManufactureItemDescription>
      <UnitQty>לא ידוע</UnitQty>
      <Quantity>750.00</Quantity>
      <UnitOfMeasure>100 מ"ל</UnitOfMeasure>
      <bIsWeighted>0</bIsWeighted>
      <QtyInPackage>לא ידוע</QtyInPackage>
      <ItemPrice>66.90</ItemPrice>
      <UnitOfMeasurePrice>0.09</UnitOfMeasurePrice>
      <AllowDiscount>1</AllowDiscount>
      <ItemStatus>2</ItemStatus>
    </Item>
    <Item>
      <PriceUpdateTime>2025-04-11T08:23:51.000</PriceUpdateTime>
      <ItemCode>7290017647425</ItemCode>
      <LastSaleDateTime>2025-09-21T00:00:00.000</LastSaleDateTime>
      <ItemType>1</ItemType>
      <ItemName>גמלא קברנה סובניון 7</ItemName>
      <ManufactureName>לא ידוע</ManufactureName>
      <ManufactureCountry>לא ידוע</ManufactureCountry>
      <ManufactureItemDescription>גמלא קברנה סובניון 7</ManufactureItemDescription>
      <UnitQty>לא ידוע</UnitQty>
      <Quantity>750.00</Quantity>
      <UnitOfMeasure>100 מ"ל</UnitOfMeasure>
      <bIsWeighted>0</bIsWeighted>
      <QtyInPackage>לא ידוע</QtyInPackage>
      <ItemPrice>66.90</ItemPrice>
      <UnitOfMeasurePrice>0.09</UnitOfMeasurePrice>
      <AllowDiscount>1</AllowDiscount>
      <ItemStatus/>
    </Item>
    <Item>
      <PriceUpdateTime>2025-04-11T08:23:51.000</PriceUpdateTime>
      <ItemCode>7290017647470</ItemCode>
      <LastSaleDateTime>2015-01-01T00:00:00.000</LastSaleDateTime>
      <ItemType>1</ItemType>
      <ItemName>הר חרמון מג'נטה 750</ItemName>
      <ManufactureName>לא ידוע</ManufactureName>
      <ManufactureCountry>לא ידוע</ManufactureCountry>
      <ManufactureItemDescription>הר חרמון מג'נטה 750</ManufactureItemDescription>
      <UnitQty>לא ידוע</UnitQty>
      <Quantity>750.00</Quantity>
      <UnitOfMeasure>100 מ"ל</UnitOfMeasure>
      <bIsWeighted>0</bIsWeighted>
      <QtyInPackage>לא ידוע</QtyInPackage>
      <ItemPrice>34.90</ItemPrice>
      <UnitOfMeasurePrice>0.05</UnitOfMeasurePrice>
      <AllowDiscount>1</AllowDiscount>
      <ItemStatus>2</ItemStatus>
    </Item>
    <Item>
      <PriceUpdateTime>2025-04-11T08:23:51.000</PriceUpdateTime>
      <ItemCode>7290017647470</ItemCode>
      <LastSaleDateTime>2015-01-01T00:00:00.000</LastSaleDateTime>
      <ItemType>1</ItemType>
      <ItemName>הר חרמון מג'נטה 750</ItemName>
      <ManufactureName>לא ידוע</ManufactureName>
      <ManufactureCountry>לא ידוע</ManufactureCountry>
      <ManufactureItemDescription>הר חרמון מג'נטה 750</ManufactureItemDescription>
      <UnitQty>לא ידוע</UnitQty>
      <Quantity>750.00</Quantity>
      <UnitOfMeasure>100 מ"ל</UnitOfMeasure>
      <bIsWeighted>0</bIsWeighted>
      <QtyInPackage>לא ידוע</QtyInPackage>
      <ItemPrice>34.90</ItemPrice>
      <UnitOfMeasurePrice>0.05</UnitOfMeasurePrice>
      <AllowDiscount>1</AllowDiscount>
      <ItemStatus/>
    </Item>
    <Item>
      <PriceUpdateTime>2025-04-11T08:23:51.000</PriceUpdateTime>
      <ItemCode>7290017647708</ItemCode>
      <LastSaleDateTime>2015-01-01T00:00:00.000</LastSaleDateTime>
      <ItemType>1</ItemType>
      <ItemName>גמלא גוורצטרמינר 750</ItemName>
      <ManufactureName>לא ידוע</ManufactureName>
      <ManufactureCountry>לא ידוע</ManufactureCountry>
      <ManufactureItemDescription>גמלא גוורצטרמינר 750</ManufactureItemDescription>
      <UnitQty>לא ידוע</UnitQty>
      <Quantity>750.00</Quantity>
      <UnitOfMeasure>100 מ"ל</UnitOfMeasure>
      <bIsWeighted>0</bIsWeighted>
      <QtyInPackage>לא ידוע</QtyInPackage>
      <ItemPrice>64.90</ItemPrice>
      <UnitOfMeasurePrice>0.09</UnitOfMeasurePrice>
      <AllowDiscount>1</AllowDiscount>
      <ItemStatus>2</ItemStatus>
    </Item>
    <Item>
      <PriceUpdateTime>2025-04-11T08:23:51.000</PriceUpdateTime>
      <ItemCode>7290017647708</ItemCode>
      <LastSaleDateTime>2015-01-01T00:00:00.000</LastSaleDateTime>
      <ItemType>1</ItemType>
      <ItemName>גמלא גוורצטרמינר 750</ItemName>
      <ManufactureName>לא ידוע</ManufactureName>
      <ManufactureCountry>לא ידוע</ManufactureCountry>
      <ManufactureItemDescription>גמלא גוורצטרמינר 750</ManufactureItemDescription>
      <UnitQty>לא ידוע</UnitQty>
      <Quantity>750.00</Quantity>
      <UnitOfMeasure>100 מ"ל</UnitOfMeasure>
      <bIsWeighted>0</bIsWeighted>
      <QtyInPackage>לא ידוע</QtyInPackage>
      <ItemPrice>64.90</ItemPrice>
      <UnitOfMeasurePrice>0.09</UnitOfMeasurePrice>
      <AllowDiscount>1</AllowDiscount>
      <ItemStatus/>
    </Item>
    <Item>
      <PriceUpdateTime>2025-04-11T08:23:51.000</PriceUpdateTime>
      <ItemCode>7290017647722</ItemCode>
      <LastSaleDateTime>2026-01-27T14:59:09.000</LastSaleDateTime>
      <ItemType>1</ItemType>
      <ItemName>גמלא בלאנקו לבן יבש</ItemName>
      <ManufactureName>לא ידוע</ManufactureName>
      <ManufactureCountry>לא ידוע</ManufactureCountry>
      <ManufactureItemDescription>גמלא בלאנקו לבן יבש</ManufactureItemDescription>
      <UnitQty>לא ידוע</UnitQty>
      <Quantity>750.00</Quantity>
      <UnitOfMeasure>100 מ"ל</UnitOfMeasure>
      <bIsWeighted>0</bIsWeighted>
      <QtyInPackage>לא ידוע</QtyInPackage>
      <ItemPrice>64.90</ItemPrice>
      <UnitOfMeasurePrice>0.09</UnitOfMeasurePrice>
      <AllowDiscount>1</AllowDiscount>
      <ItemStatus/>
    </Item>
    <Item>
      <PriceUpdateTime>2025-04-11T08:23:52.000</PriceUpdateTime>
      <ItemCode>7290018471548</ItemCode>
      <LastSaleDateTime>2026-01-29T13:58:29.000</LastSaleDateTime>
      <ItemType>1</ItemType>
      <ItemName>ספרינג ענבים 4*250 מ</ItemName>
      <ManufactureName>לא ידוע</ManufactureName>
      <ManufactureCountry>לא ידוע</ManufactureCountry>
      <ManufactureItemDescription>ספרינג ענבים 4*250 מ</ManufactureItemDescription>
      <UnitQty>ליטר</UnitQty>
      <Quantity>1.00</Quantity>
      <UnitOfMeasure>ליטר    </UnitOfMeasure>
      <bIsWeighted>0</bIsWeighted>
      <QtyInPackage>לא ידוע</QtyInPackage>
      <ItemPrice>12.50</ItemPrice>
      <UnitOfMeasurePrice>12.50</UnitOfMeasurePrice>
      <AllowDiscount>1</AllowDiscount>
      <ItemStatus/>
    </Item>
    <Item>
      <PriceUpdateTime>2025-04-11T08:23:52.000</PriceUpdateTime>
      <ItemCode>7290018294192</ItemCode>
      <LastSaleDateTime>2026-01-22T18:59:20.000</LastSaleDateTime>
      <ItemType>1</ItemType>
      <ItemName>פרייבט קולקשין בלנד</ItemName>
      <ManufactureName>לא ידוע</ManufactureName>
      <ManufactureCountry>לא ידוע</ManufactureCountry>
      <ManufactureItemDescription>פרייבט קולקשין בלנד</ManufactureItemDescription>
      <UnitQty>לא ידוע</UnitQty>
      <Quantity>700.00</Quantity>
      <UnitOfMeasure>100 מ"ל</UnitOfMeasure>
      <bIsWeighted>0</bIsWeighted>
      <QtyInPackage>לא ידוע</QtyInPackage>
      <ItemPrice>43.80</ItemPrice>
      <UnitOfMeasurePrice>0.06</UnitOfMeasurePrice>
      <AllowDiscount>1</AllowDiscount>
      <ItemStatus/>
    </Item>
    <Item>
      <PriceUpdateTime>2025-04-11T08:23:52.000</PriceUpdateTime>
      <ItemCode>7290018294208</ItemCode>
      <LastSaleDateTime>2026-01-29T19:14:58.000</LastSaleDateTime>
      <ItemType>1</ItemType>
      <ItemName>יין סלקטד קברנה סובנ</ItemName>
      <ManufactureName>לא ידוע</ManufactureName>
      <ManufactureCountry>לא ידוע</ManufactureCountry>
      <ManufactureItemDescription>יין סלקטד קברנה סובנ</ManufactureItemDescription>
      <UnitQty>לא ידוע</UnitQty>
      <Quantity>750.00</Quantity>
      <UnitOfMeasure>100 מ"ל</UnitOfMeasure>
      <bIsWeighted>0</bIsWeighted>
      <QtyInPackage>לא ידוע</QtyInPackage>
      <ItemPrice>31.70</ItemPrice>
      <UnitOfMeasurePrice>0.04</UnitOfMeasurePrice>
      <AllowDiscount>1</AllowDiscount>
      <ItemStatus/>
    </Item>
    <Item>
      <PriceUpdateTime>2025-04-11T08:23:52.000</PriceUpdateTime>
      <ItemCode>7290018940235</ItemCode>
      <LastSaleDateTime>2015-01-01T00:00:00.000</LastSaleDateTime>
      <ItemType>1</ItemType>
      <ItemName>אמירים רזרב קברנה 75</ItemName>
      <ManufactureName>לא ידוע</ManufactureName>
      <ManufactureCountry>לא ידוע</ManufactureCountry>
      <ManufactureItemDescription>אמירים רזרב קברנה 75</ManufactureItemDescription>
      <UnitQty>לא ידוע</UnitQty>
      <Quantity>750.00</Quantity>
      <UnitOfMeasure>100 מ"ל</UnitOfMeasure>
      <bIsWeighted>0</bIsWeighted>
      <QtyInPackage>לא ידוע</QtyInPackage>
      <ItemPrice>19.90</ItemPrice>
      <UnitOfMeasurePrice>0.03</UnitOfMeasurePrice>
      <AllowDiscount>1</AllowDiscount>
      <ItemStatus>2</ItemStatus>
    </Item>
    <Item>
      <PriceUpdateTime>2025-04-11T08:23:52.000</PriceUpdateTime>
      <ItemCode>7290018940235</ItemCode>
      <LastSaleDateTime>2015-01-01T00:00:00.000</LastSaleDateTime>
      <ItemType>1</ItemType>
      <ItemName>אמירים רזרב קברנה 75</ItemName>
      <ManufactureName>לא ידוע</ManufactureName>
      <ManufactureCountry>לא ידוע</ManufactureCountry>
      <ManufactureItemDescription>אמירים רזרב קברנה 75</ManufactureItemDescription>
      <UnitQty>לא ידוע</UnitQty>
      <Quantity>750.00</Quantity>
      <UnitOfMeasure>100 מ"ל</UnitOfMeasure>
      <bIsWeighted>0</bIsWeighted>
      <QtyInPackage>לא ידוע</QtyInPackage>
      <ItemPrice>19.90</ItemPrice>
      <UnitOfMeasurePrice>0.03</UnitOfMeasurePrice>
      <AllowDiscount>1</AllowDiscount>
      <ItemStatus/>
    </Item>
    <Item>
      <PriceUpdateTime>2025-04-11T08:23:52.000</PriceUpdateTime>
      <ItemCode>7290018940242</ItemCode>
      <LastSaleDateTime>2015-01-01T00:00:00.000</LastSaleDateTime>
      <ItemType>1</ItemType>
      <ItemName>אמירים רזרב מרלו 750</ItemName>
      <ManufactureName>לא ידוע</ManufactureName>
      <ManufactureCountry>לא ידוע</ManufactureCountry>
      <ManufactureItemDescription>אמירים רזרב מרלו 750</ManufactureItemDescription>
      <UnitQty>לא ידוע</UnitQty>
      <Quantity>750.00</Quantity>
      <UnitOfMeasure>100 מ"ל</UnitOfMeasure>
      <bIsWeighted>0</bIsWeighted>
      <QtyInPackage>לא ידוע</QtyInPackage>
      <ItemPrice>19.90</ItemPrice>
      <UnitOfMeasurePrice>0.03</UnitOfMeasurePrice>
      <AllowDiscount>1</AllowDiscount>
      <ItemStatus>2</ItemStatus>
    </Item>
    <Item>
      <PriceUpdateTime>2025-04-11T08:23:52.000</PriceUpdateTime>
      <ItemCode>7290018940242</ItemCode>
      <LastSaleDateTime>2015-01-01T00:00:00.000</LastSaleDateTime>
      <ItemType>1</ItemType>
      <ItemName>אמירים רזרב מרלו 750</ItemName>
      <ManufactureName>לא ידוע</ManufactureName>
      <ManufactureCountry>לא ידוע</ManufactureCountry>
      <ManufactureItemDescription>אמירים רזרב מרלו 750</ManufactureItemDescription>
      <UnitQty>לא ידוע</UnitQty>
      <Quantity>750.00</Quantity>
      <UnitOfMeasure>100 מ"ל</UnitOfMeasure>
      <bIsWeighted>0</bIsWeighted>
      <QtyInPackage>לא ידוע</QtyInPackage>
      <ItemPrice>19.90</ItemPrice>
      <UnitOfMeasurePrice>0.03</UnitOfMeasurePrice>
      <AllowDiscount>1</AllowDiscount>
      <ItemStatus/>
    </Item>
    <Item>
      <PriceUpdateTime>2025-04-11T08:23:52.000</PriceUpdateTime>
      <ItemCode>7290018940433</ItemCode>
      <LastSaleDateTime>2015-01-01T00:00:00.000</LastSaleDateTime>
      <ItemType>1</ItemType>
      <ItemName>אמירים רזרב לבן 750</ItemName>
      <ManufactureName>לא ידוע</ManufactureName>
      <ManufactureCountry>לא ידוע</ManufactureCountry>
      <ManufactureItemDescription>אמירים רזרב לבן 750</ManufactureItemDescription>
      <UnitQty>לא ידוע</UnitQty>
      <Quantity>750.00</Quantity>
      <UnitOfMeasure>100 מ"ל</UnitOfMeasure>
      <bIsWeighted>0</bIsWeighted>
      <QtyInPackage>לא ידוע</QtyInPackage>
      <ItemPrice>19.90</ItemPrice>
      <UnitOfMeasurePrice>0.03</UnitOfMeasurePrice>
      <AllowDiscount>1</AllowDiscount>
      <ItemStatus>2</ItemStatus>
    </Item>
    <Item>
      <PriceUpdateTime>2025-04-11T08:23:52.000</PriceUpdateTime>
      <ItemCode>7290018940433</ItemCode>
      <LastSaleDateTime>2015-01-01T00:00:00.000</LastSaleDateTime>
      <ItemType>1</ItemType>
      <ItemName>אמירים רזרב לבן 750</ItemName>
      <ManufactureName>לא ידוע</ManufactureName>
      <ManufactureCountry>לא ידוע</ManufactureCountry>
      <ManufactureItemDescription>אמירים רזרב לבן 750</ManufactureItemDescription>
      <UnitQty>לא ידוע</UnitQty>
      <Quantity>750.00</Quantity>
      <UnitOfMeasure>100 מ"ל</UnitOfMeasure>
      <bIsWeighted>0</bIsWeighted>
      <QtyInPackage>לא ידוע</QtyInPackage>
      <ItemPrice>19.90</ItemPrice>
      <UnitOfMeasurePrice>0.03</UnitOfMeasurePrice>
      <AllowDiscount>1</AllowDiscount>
      <ItemStatus/>
    </Item>
    <Item>
      <PriceUpdateTime>2025-04-11T08:23:53.000</PriceUpdateTime>
      <ItemCode>7290019056119</ItemCode>
      <LastSaleDateTime>2026-01-29T13:14:08.000</LastSaleDateTime>
      <ItemType>1</ItemType>
      <ItemName>סודה שוופס 1.5 ליטר</ItemName>
      <ManufactureName>לא ידוע</ManufactureName>
      <ManufactureCountry>לא ידוע</ManufactureCountry>
      <ManufactureItemDescription>סודה שוופס 1.5 ליטר</ManufactureItemDescription>
      <UnitQty>ליטר</UnitQty>
      <Quantity>1.50</Quantity>
      <UnitOfMeasure>ליטר    </UnitOfMeasure>
      <bIsWeighted>0</bIsWeighted>
      <QtyInPackage>לא ידוע</QtyInPackage>
      <ItemPrice>2.90</ItemPrice>
      <UnitOfMeasurePrice>1.93</UnitOfMeasurePrice>
      <AllowDiscount>1</AllowDiscount>
      <ItemStatus/>
    </Item>
    <Item>
      <PriceUpdateTime>2025-04-11T08:23:54.000</PriceUpdateTime>
      <ItemCode>7290019056430</ItemCode>
      <LastSaleDateTime>2026-01-22T08:44:26.000</LastSaleDateTime>
      <ItemType>1</ItemType>
      <ItemName>תפוזינה תפוזים לייט</ItemName>
      <ManufactureName>לא ידוע</ManufactureName>
      <ManufactureCountry>לא ידוע</ManufactureCountry>
      <ManufactureItemDescription>תפוזינה תפוזים לייט</ManufactureItemDescription>
      <UnitQty>ליטר</UnitQty>
      <Quantity>1.50</Quantity>
      <UnitOfMeasure>ליטר    </UnitOfMeasure>
      <bIsWeighted>0</bIsWeighted>
      <QtyInPackage>לא ידוע</QtyInPackage>
      <ItemPrice>7.20</ItemPrice>
      <UnitOfMeasurePrice>4.80</UnitOfMeasurePrice>
      <AllowDiscount>1</AllowDiscount>
      <ItemStatus/>
    </Item>
    <Item>
      <PriceUpdateTime>2025-04-11T08:23:55.000</PriceUpdateTime>
      <ItemCode>7290019302612</ItemCode>
      <LastSaleDateTime>2026-01-29T12:55:43.000</LastSaleDateTime>
      <ItemType>1</ItemType>
      <ItemName>קברנה סוביניון חצי י</ItemName>
      <ManufactureName>לא ידוע</ManufactureName>
      <ManufactureCountry>לא ידוע</ManufactureCountry>
      <ManufactureItemDescription>קברנה סוביניון חצי י</ManufactureItemDescription>
      <UnitQty>לא ידוע</UnitQty>
      <Quantity>750.00</Quantity>
      <UnitOfMeasure>100 מ"ל</UnitOfMeasure>
      <bIsWeighted>0</bIsWeighted>
      <QtyInPackage>לא ידוע</QtyInPackage>
      <ItemPrice>43.80</ItemPrice>
      <UnitOfMeasurePrice>0.06</UnitOfMeasurePrice>
      <AllowDiscount>1</AllowDiscount>
      <ItemStatus/>
    </Item>
    <Item>
      <PriceUpdateTime>2025-04-11T08:23:57.000</PriceUpdateTime>
      <ItemCode>7290108620023</ItemCode>
      <LastSaleDateTime>2015-01-01T00:00:00.000</LastSaleDateTime>
      <ItemType>1</ItemType>
      <ItemName>יין קפיטל קברנה סובנ</ItemName>
      <ManufactureName>לא ידוע</ManufactureName>
      <ManufactureCountry>לא ידוע</ManufactureCountry>
      <ManufactureItemDescription>יין קפיטל קברנה סובנ</ManufactureItemDescription>
      <UnitQty>לא ידוע</UnitQty>
      <Quantity>750.00</Quantity>
      <UnitOfMeasure>100 מ"ל</UnitOfMeasure>
      <bIsWeighted>0</bIsWeighted>
      <QtyInPackage>לא ידוע</QtyInPackage>
      <ItemPrice>54.90</ItemPrice>
      <UnitOfMeasurePrice>0.07</UnitOfMeasurePrice>
      <AllowDiscount>1</AllowDiscount>
      <ItemStatus>2</ItemStatus>
    </Item>
    <Item>
      <PriceUpdateTime>2025-04-11T08:23:57.000</PriceUpdateTime>
      <ItemCode>7290108620023</ItemCode>
      <LastSaleDateTime>2015-01-01T00:00:00.000</LastSaleDateTime>
      <ItemType>1</ItemType>
      <ItemName>יין קפיטל קברנה סובנ</ItemName>
      <ManufactureName>לא ידוע</ManufactureName>
      <ManufactureCountry>לא ידוע</ManufactureCountry>
      <ManufactureItemDescription>יין קפיטל קברנה סובנ</ManufactureItemDescription>
      <UnitQty>לא ידוע</UnitQty>
      <Quantity>750.00</Quantity>
      <UnitOfMeasure>100 מ"ל</UnitOfMeasure>
      <bIsWeighted>0</bIsWeighted>
      <QtyInPackage>לא ידוע</QtyInPackage>
      <ItemPrice>54.90</ItemPrice>
      <UnitOfMeasurePrice>0.07</UnitOfMeasurePrice>
      <AllowDiscount>1</AllowDiscount>
      <ItemStatus/>
    </Item>
    <Item>
      <PriceUpdateTime>2025-04-11T08:23:57.000</PriceUpdateTime>
      <ItemCode>7290108620030</ItemCode>
      <LastSaleDateTime>2015-01-01T00:00:00.000</LastSaleDateTime>
      <ItemType>1</ItemType>
      <ItemName>יין קפיטל מרלו יבש א</ItemName>
      <ManufactureName>לא ידוע</ManufactureName>
      <ManufactureCountry>לא ידוע</ManufactureCountry>
      <ManufactureItemDescription>יין קפיטל מרלו יבש א</ManufactureItemDescription>
      <UnitQty>לא ידוע</UnitQty>
      <Quantity>750.00</Quantity>
      <UnitOfMeasure>100 מ"ל</UnitOfMeasure>
      <bIsWeighted>0</bIsWeighted>
      <QtyInPackage>לא ידוע</QtyInPackage>
      <ItemPrice>54.90</ItemPrice>
      <UnitOfMeasurePrice>0.07</UnitOfMeasurePrice>
      <AllowDiscount>1</AllowDiscount>
      <ItemStatus>2</ItemStatus>
    </Item>
    <Item>
      <PriceUpdateTime>2025-04-11T08:23:57.000</PriceUpdateTime>
      <ItemCode>7290108620030</ItemCode>
      <LastSaleDateTime>2015-01-01T00:00:00.000</LastSaleDateTime>
      <ItemType>1</ItemType>
      <ItemName>יין קפיטל מרלו יבש א</ItemName>
      <ManufactureName>לא ידוע</ManufactureName>
      <ManufactureCountry>לא ידוע</ManufactureCountry>
      <ManufactureItemDescription>יין קפיטל מרלו יבש א</ManufactureItemDescription>
      <UnitQty>לא ידוע</UnitQty>
      <Quantity>750.00</Quantity>
      <UnitOfMeasure>100 מ"ל</UnitOfMeasure>
      <bIsWeighted>0</bIsWeighted>
      <QtyInPackage>לא ידוע</QtyInPackage>
      <ItemPrice>54.90</ItemPrice>
      <UnitOfMeasurePrice>0.07</UnitOfMeasurePrice>
      <AllowDiscount>1</AllowDiscount>
      <ItemStatus/>
    </Item>
    <Item>
      <PriceUpdateTime>2025-04-11T08:23:57.000</PriceUpdateTime>
      <ItemCode>7290108620054</ItemCode>
      <LastSaleDateTime>2015-01-01T00:00:00.000</LastSaleDateTime>
      <ItemType>1</ItemType>
      <ItemName>יין אסטייט קברנה סוב</ItemName>
      <ManufactureName>לא ידוע</ManufactureName>
      <ManufactureCountry>לא ידוע</ManufactureCountry>
      <ManufactureItemDescription>יין אסטייט קברנה סוב</ManufactureItemDescription>
      <UnitQty>לא ידוע</UnitQty>
      <Quantity>750.00</Quantity>
      <UnitOfMeasure>100 מ"ל</UnitOfMeasure>
      <bIsWeighted>0</bIsWeighted>
      <QtyInPackage>לא ידוע</QtyInPackage>
      <ItemPrice>34.90</ItemPrice>
      <UnitOfMeasurePrice>0.05</UnitOfMeasurePrice>
      <AllowDiscount>1</AllowDiscount>
      <ItemStatus>2</ItemStatus>
    </Item>
    <Item>
      <PriceUpdateTime>2025-04-11T08:23:57.000</PriceUpdateTime>
      <ItemCode>7290108620054</ItemCode>
      <LastSaleDateTime>2015-01-01T00:00:00.000</LastSaleDateTime>
      <ItemType>1</ItemType>
      <ItemName>יין אסטייט קברנה סוב</ItemName>
      <ManufactureName>לא ידוע</ManufactureName>
      <ManufactureCountry>לא ידוע</ManufactureCountry>
      <ManufactureItemDescription>יין אסטייט קברנה סוב</ManufactureItemDescription>
      <UnitQty>לא ידוע</UnitQty>
      <Quantity>750.00</Quantity>
      <UnitOfMeasure>100 מ"ל</UnitOfMeasure>
      <bIsWeighted>0</bIsWeighted>
      <QtyInPackage>לא ידוע</QtyInPackage>
      <ItemPrice>34.90</ItemPrice>
      <UnitOfMeasurePrice>0.05</UnitOfMeasurePrice>
      <AllowDiscount>1</AllowDiscount>
      <ItemStatus/>
    </Item>
    <Item>
      <PriceUpdateTime>2025-04-11T08:23:57.000</PriceUpdateTime>
      <ItemCode>7290108620061</ItemCode>
      <LastSaleDateTime>2015-01-01T00:00:00.000</LastSaleDateTime>
      <ItemType>1</ItemType>
      <ItemName>יין אסטייט שיראז יבש</ItemName>
      <ManufactureName>לא ידוע</ManufactureName>
      <ManufactureCountry>לא ידוע</ManufactureCountry>
      <ManufactureItemDescription>יין אסטייט שיראז יבש</ManufactureItemDescription>
      <UnitQty>לא ידוע</UnitQty>
      <Quantity>750.00</Quantity>
      <UnitOfMeasure>100 מ"ל</UnitOfMeasure>
      <bIsWeighted>0</bIsWeighted>
      <QtyInPackage>לא ידוע</QtyInPackage>
      <ItemPrice>34.90</ItemPrice>
      <UnitOfMeasurePrice>0.05</UnitOfMeasurePrice>
      <AllowDiscount>1</AllowDiscount>
      <ItemStatus>2</ItemStatus>
    </Item>
    <Item>
      <PriceUpdateTime>2025-04-11T08:23:57.000</PriceUpdateTime>
      <ItemCode>7290108620061</ItemCode>
      <LastSaleDateTime>2015-01-01T00:00:00.000</LastSaleDateTime>
      <ItemType>1</ItemType>
      <ItemName>יין אסטייט שיראז יבש</ItemName>
      <ManufactureName>לא ידוע</ManufactureName>
      <ManufactureCountry>לא ידוע</ManufactureCountry>
      <ManufactureItemDescription>יין אסטייט שיראז יבש</ManufactureItemDescription>
      <UnitQty>לא ידוע</UnitQty>
      <Quantity>750.00</Quantity>
      <UnitOfMeasure>100 מ"ל</UnitOfMeasure>
      <bIsWeighted>0</bIsWeighted>
      <QtyInPackage>לא ידוע</QtyInPackage>
      <ItemPrice>34.90</ItemPrice>
      <UnitOfMeasurePrice>0.05</UnitOfMeasurePrice>
      <AllowDiscount>1</AllowDiscount>
      <ItemStatus/>
    </Item>
    <Item>
      <PriceUpdateTime>2025-04-11T08:23:57.000</PriceUpdateTime>
      <ItemCode>7290108620078</ItemCode>
      <LastSaleDateTime>2015-01-01T00:00:00.000</LastSaleDateTime>
      <ItemType>1</ItemType>
      <ItemName>יין אסטייט מרלו יבש</ItemName>
      <ManufactureName>לא ידוע</ManufactureName>
      <ManufactureCountry>לא ידוע</ManufactureCountry>
      <ManufactureItemDescription>יין אסטייט מרלו יבש</ManufactureItemDescription>
      <UnitQty>לא ידוע</UnitQty>
      <Quantity>750.00</Quantity>
      <UnitOfMeasure>100 מ"ל</UnitOfMeasure>
      <bIsWeighted>0</bIsWeighted>
      <QtyInPackage>לא ידוע</QtyInPackage>
      <ItemPrice>34.90</ItemPrice>
      <UnitOfMeasurePrice>0.05</UnitOfMeasurePrice>
      <AllowDiscount>1</AllowDiscount>
      <ItemStatus>2</ItemStatus>
    </Item>
    <Item>
      <PriceUpdateTime>2025-04-11T08:23:57.000</PriceUpdateTime>
      <ItemCode>7290108620078</ItemCode>
      <LastSaleDateTime>2015-01-01T00:00:00.000</LastSaleDateTime>
      <ItemType>1</ItemType>
      <ItemName>יין אסטייט מרלו יבש</ItemName>
      <ManufactureName>לא ידוע</ManufactureName>
      <ManufactureCountry>לא ידוע</ManufactureCountry>
      <ManufactureItemDescription>יין אסטייט מרלו יבש</ManufactureItemDescription>
      <UnitQty>לא ידוע</UnitQty>
      <Quantity>750.00</Quantity>
      <UnitOfMeasure>100 מ"ל</UnitOfMeasure>
      <bIsWeighted>0</bIsWeighted>
      <QtyInPackage>לא ידוע</QtyInPackage>
      <ItemPrice>34.90</ItemPrice>
      <UnitOfMeasurePrice>0.05</UnitOfMeasurePrice>
      <AllowDiscount>1</AllowDiscount>
      <ItemStatus/>
    </Item>
    <Item>
      <PriceUpdateTime>2025-04-11T08:23:57.000</PriceUpdateTime>
      <ItemCode>7290108620092</ItemCode>
      <LastSaleDateTime>2015-01-01T00:00:00.000</LastSaleDateTime>
      <ItemType>1</ItemType>
      <ItemName>אימפריאל יין רוזה חצ</ItemName>
      <ManufactureName>לא ידוע</ManufactureName>
      <ManufactureCountry>לא ידוע</ManufactureCountry>
      <ManufactureItemDescription>אימפריאל יין רוזה חצ</ManufactureItemDescription>
      <UnitQty>לא ידוע</UnitQty>
      <Quantity>750.00</Quantity>
      <UnitOfMeasure>100 מ"ל</UnitOfMeasure>
      <bIsWeighted>0</bIsWeighted>
      <QtyInPackage>לא ידוע</QtyInPackage>
      <ItemPrice>29.90</ItemPrice>
      <UnitOfMeasurePrice>0.04</UnitOfMeasurePrice>
      <AllowDiscount>1</AllowDiscount>
      <ItemStatus>2</ItemStatus>
    </Item>
    <Item>
      <PriceUpdateTime>2025-04-11T08:23:57.000</PriceUpdateTime>
      <ItemCode>7290108620092</ItemCode>
      <LastSaleDateTime>2015-01-01T00:00:00.000</LastSaleDateTime>
      <ItemType>1</ItemType>
      <ItemName>אימפריאל יין רוזה חצ</ItemName>
      <ManufactureName>לא ידוע</ManufactureName>
      <ManufactureCountry>לא ידוע</ManufactureCountry>
      <ManufactureItemDescription>אימפריאל יין רוזה חצ</ManufactureItemDescription>
      <UnitQty>לא ידוע</UnitQty>
      <Quantity>750.00</Quantity>
      <UnitOfMeasure>100 מ"ל</UnitOfMeasure>
      <bIsWeighted>0</bIsWeighted>
      <QtyInPackage>לא ידוע</QtyInPackage>
      <ItemPrice>29.90</ItemPrice>
      <UnitOfMeasurePrice>0.04</UnitOfMeasurePrice>
      <AllowDiscount>1</AllowDiscount>
      <ItemStatus/>
    </Item>
    <Item>
      <PriceUpdateTime>2025-04-11T08:23:57.000</PriceUpdateTime>
      <ItemCode>7290108620108</ItemCode>
      <LastSaleDateTime>2015-01-01T00:00:00.000</LastSaleDateTime>
      <ItemType>1</ItemType>
      <ItemName>יין אימפריאל קברנה ס</ItemName>
      <ManufactureName>לא ידוע</ManufactureName>
      <ManufactureCountry>לא ידוע</ManufactureCountry>
      <ManufactureItemDescription>יין אימפריאל קברנה ס</ManufactureItemDescription>
      <UnitQty>לא ידוע</UnitQty>
      <Quantity>750.00</Quantity>
      <UnitOfMeasure>100 מ"ל</UnitOfMeasure>
      <bIsWeighted>0</bIsWeighted>
      <QtyInPackage>לא ידוע</QtyInPackage>
      <ItemPrice>29.90</ItemPrice>
      <UnitOfMeasurePrice>0.04</UnitOfMeasurePrice>
      <AllowDiscount>1</AllowDiscount>
      <ItemStatus>2</ItemStatus>
    </Item>
    <Item>
      <PriceUpdateTime>2025-04-11T08:23:57.000</PriceUpdateTime>
      <ItemCode>7290108620108</ItemCode>
      <LastSaleDateTime>2015-01-01T00:00:00.000</LastSaleDateTime>
      <ItemType>1</ItemType>
      <ItemName>יין אימפריאל קברנה ס</ItemName>
      <ManufactureName>לא ידוע</ManufactureName>
      <ManufactureCountry>לא ידוע</ManufactureCountry>
      <ManufactureItemDescription>יין אימפריאל קברנה ס</ManufactureItemDescription>
      <UnitQty>לא ידוע</UnitQty>
      <Quantity>750.00</Quantity>
      <UnitOfMeasure>100 מ"ל</UnitOfMeasure>
      <bIsWeighted>0</bIsWeighted>
      <QtyInPackage>לא ידוע</QtyInPackage>
      <ItemPrice>29.90</ItemPrice>
      <UnitOfMeasurePrice>0.04</UnitOfMeasurePrice>
      <AllowDiscount>1</AllowDiscount>
      <ItemStatus/>
    </Item>
    <Item>
      <PriceUpdateTime>2025-04-11T08:23:57.000</PriceUpdateTime>
      <ItemCode>7290108620115</ItemCode>
      <LastSaleDateTime>2015-01-01T00:00:00.000</LastSaleDateTime>
      <ItemType>1</ItemType>
      <ItemName>יין אימפריאל מרלו אד</ItemName>
      <ManufactureName>לא ידוע</ManufactureName>
      <ManufactureCountry>לא ידוע</ManufactureCountry>
      <ManufactureItemDescription>יין אימפריאל מרלו אד</ManufactureItemDescription>
      <UnitQty>לא ידוע</UnitQty>
      <Quantity>750.00</Quantity>
      <UnitOfMeasure>100 מ"ל</UnitOfMeasure>
      <bIsWeighted>0</bIsWeighted>
      <QtyInPackage>לא ידוע</QtyInPackage>
      <ItemPrice>29.90</ItemPrice>
      <UnitOfMeasurePrice>0.04</UnitOfMeasurePrice>
      <AllowDiscount>1</AllowDiscount>
      <ItemStatus>2</ItemStatus>
    </Item>
    <Item>
      <PriceUpdateTime>2025-04-11T08:23:57.000</PriceUpdateTime>
      <ItemCode>7290108620115</ItemCode>
      <LastSaleDateTime>2015-01-01T00:00:00.000</LastSaleDateTime>
      <ItemType>1</ItemType>
      <ItemName>יין אימפריאל מרלו אד</ItemName>
      <ManufactureName>לא ידוע</ManufactureName>
      <ManufactureCountry>לא ידוע</ManufactureCountry>
      <ManufactureItemDescription>יין אימפריאל מרלו אד</ManufactureItemDescription>
      <UnitQty>לא ידוע</UnitQty>
      <Quantity>750.00</Quantity>
      <UnitOfMeasure>100 מ"ל</UnitOfMeasure>
      <bIsWeighted>0</bIsWeighted>
      <QtyInPackage>לא ידוע</QtyInPackage>
      <ItemPrice>29.90</ItemPrice>
      <UnitOfMeasurePrice>0.04</UnitOfMeasurePrice>
      <AllowDiscount>1</AllowDiscount>
      <ItemStatus/>
    </Item>
    <Item>
      <PriceUpdateTime>2025-04-11T08:23:57.000</PriceUpdateTime>
      <ItemCode>7290108620122</ItemCode>
      <LastSaleDateTime>2015-01-01T00:00:00.000</LastSaleDateTime>
      <ItemType>1</ItemType>
      <ItemName>יין אימפריאל קברנה מ</ItemName>
      <ManufactureName>לא ידוע</ManufactureName>
      <ManufactureCountry>לא ידוע</ManufactureCountry>
      <ManufactureItemDescription>יין אימפריאל קברנה מ</ManufactureItemDescription>
      <UnitQty>לא ידוע</UnitQty>
      <Quantity>750.00</Quantity>
      <UnitOfMeasure>100 מ"ל</UnitOfMeasure>
      <bIsWeighted>0</bIsWeighted>
      <QtyInPackage>לא ידוע</QtyInPackage>
      <ItemPrice>29.90</ItemPrice>
      <UnitOfMeasurePrice>0.04</UnitOfMeasurePrice>
      <AllowDiscount>1</AllowDiscount>
      <ItemStatus>2</ItemStatus>
    </Item>
    <Item>
      <PriceUpdateTime>2025-04-11T08:23:57.000</PriceUpdateTime>
      <ItemCode>7290108620122</ItemCode>
      <LastSaleDateTime>2015-01-01T00:00:00.000</LastSaleDateTime>
      <ItemType>1</ItemType>
      <ItemName>יין אימפריאל קברנה מ</ItemName>
      <ManufactureName>לא ידוע</ManufactureName>
      <ManufactureCountry>לא ידוע</ManufactureCountry>
      <ManufactureItemDescription>יין אימפריאל קברנה מ</ManufactureItemDescription>
      <UnitQty>לא ידוע</UnitQty>
      <Quantity>750.00</Quantity>
      <UnitOfMeasure>100 מ"ל</UnitOfMeasure>
      <bIsWeighted>0</bIsWeighted>
      <QtyInPackage>לא ידוע</QtyInPackage>
      <ItemPrice>29.90</ItemPrice>
      <UnitOfMeasurePrice>0.04</UnitOfMeasurePrice>
      <AllowDiscount>1</AllowDiscount>
      <ItemStatus/>
    </Item>
    <Item>
      <PriceUpdateTime>2025-04-11T08:23:57.000</PriceUpdateTime>
      <ItemCode>7290108620153</ItemCode>
      <LastSaleDateTime>2015-01-01T00:00:00.000</LastSaleDateTime>
      <ItemType>1</ItemType>
      <ItemName>יין אסטייט קברנה סמי</ItemName>
      <ManufactureName>לא ידוע</ManufactureName>
      <ManufactureCountry>לא ידוע</ManufactureCountry>
      <ManufactureItemDescription>יין אסטייט קברנה סמי</ManufactureItemDescription>
      <UnitQty>לא ידוע</UnitQty>
      <Quantity>750.00</Quantity>
      <UnitOfMeasure>100 מ"ל</UnitOfMeasure>
      <bIsWeighted>0</bIsWeighted>
      <QtyInPackage>לא ידוע</QtyInPackage>
      <ItemPrice>34.90</ItemPrice>
      <UnitOfMeasurePrice>0.05</UnitOfMeasurePrice>
      <AllowDiscount>1</AllowDiscount>
      <ItemStatus>2</ItemStatus>
    </Item>
    <Item>
      <PriceUpdateTime>2025-04-11T08:23:57.000</PriceUpdateTime>
      <ItemCode>7290108620153</ItemCode>
      <LastSaleDateTime>2015-01-01T00:00:00.000</LastSaleDateTime>
      <ItemType>1</ItemType>
      <ItemName>יין אסטייט קברנה סמי</ItemName>
      <ManufactureName>לא ידוע</ManufactureName>
      <ManufactureCountry>לא ידוע</ManufactureCountry>
      <ManufactureItemDescription>יין אסטייט קברנה סמי</ManufactureItemDescription>
      <UnitQty>לא ידוע</UnitQty>
      <Quantity>750.00</Quantity>
      <UnitOfMeasure>100 מ"ל</UnitOfMeasure>
      <bIsWeighted>0</bIsWeighted>
      <QtyInPackage>לא ידוע</QtyInPackage>
      <ItemPrice>34.90</ItemPrice>
      <UnitOfMeasurePrice>0.05</UnitOfMeasurePrice>
      <AllowDiscount>1</AllowDiscount>
      <ItemStatus/>
    </Item>
    <Item>
      <PriceUpdateTime>2025-04-11T08:23:57.000</PriceUpdateTime>
      <ItemCode>7290108620160</ItemCode>
      <LastSaleDateTime>2015-01-01T00:00:00.000</LastSaleDateTime>
      <ItemType>1</ItemType>
      <ItemName>יין אימפריאל סובניון</ItemName>
      <ManufactureName>לא ידוע</ManufactureName>
      <ManufactureCountry>לא ידוע</ManufactureCountry>
      <ManufactureItemDescription>יין אימפריאל סובניון</ManufactureItemDescription>
      <UnitQty>לא ידוע</UnitQty>
      <Quantity>750.00</Quantity>
      <UnitOfMeasure>100 מ"ל</UnitOfMeasure>
      <bIsWeighted>0</bIsWeighted>
      <QtyInPackage>לא ידוע</QtyInPackage>
      <ItemPrice>29.90</ItemPrice>
      <UnitOfMeasurePrice>0.04</UnitOfMeasurePrice>
      <AllowDiscount>1</AllowDiscount>
      <ItemStatus>2</ItemStatus>
    </Item>
    <Item>
      <PriceUpdateTime>2025-04-11T08:23:57.000</PriceUpdateTime>
      <ItemCode>7290108620160</ItemCode>
      <LastSaleDateTime>2015-01-01T00:00:00.000</LastSaleDateTime>
      <ItemType>1</ItemType>
      <ItemName>יין אימפריאל סובניון</ItemName>
      <ManufactureName>לא ידוע</ManufactureName>
      <ManufactureCountry>לא ידוע</ManufactureCountry>
      <ManufactureItemDescription>יין אימפריאל סובניון</ManufactureItemDescription>
      <UnitQty>לא ידוע</UnitQty>
      <Quantity>750.00</Quantity>
      <UnitOfMeasure>100 מ"ל</UnitOfMeasure>
      <bIsWeighted>0</bIsWeighted>
      <QtyInPackage>לא ידוע</QtyInPackage>
      <ItemPrice>29.90</ItemPrice>
      <UnitOfMeasurePrice>0.04</UnitOfMeasurePrice>
      <AllowDiscount>1</AllowDiscount>
      <ItemStatus/>
    </Item>
    <Item>
      <PriceUpdateTime>2025-04-11T08:23:57.000</PriceUpdateTime>
      <ItemCode>7290108620177</ItemCode>
      <LastSaleDateTime>2015-01-01T00:00:00.000</LastSaleDateTime>
      <ItemType>1</ItemType>
      <ItemName>יין פאלאס בלנד אדום</ItemName>
      <ManufactureName>לא ידוע</ManufactureName>
      <ManufactureCountry>לא ידוע</ManufactureCountry>
      <ManufactureItemDescription>יין פאלאס בלנד אדום</ManufactureItemDescription>
      <UnitQty>לא ידוע</UnitQty>
      <Quantity>750.00</Quantity>
      <UnitOfMeasure>100 מ"ל</UnitOfMeasure>
      <bIsWeighted>0</bIsWeighted>
      <QtyInPackage>לא ידוע</QtyInPackage>
      <ItemPrice>24.80</ItemPrice>
      <UnitOfMeasurePrice>0.03</UnitOfMeasurePrice>
      <AllowDiscount>1</AllowDiscount>
      <ItemStatus>2</ItemStatus>
    </Item>
    <Item>
      <PriceUpdateTime>2025-04-11T08:23:57.000</PriceUpdateTime>
      <ItemCode>7290108620177</ItemCode>
      <LastSaleDateTime>2015-01-01T00:00:00.000</LastSaleDateTime>
      <ItemType>1</ItemType>
      <ItemName>יין פאלאס בלנד אדום</ItemName>
      <ManufactureName>לא ידוע</ManufactureName>
      <ManufactureCountry>לא ידוע</ManufactureCountry>
      <ManufactureItemDescription>יין פאלאס בלנד אדום</ManufactureItemDescription>
      <UnitQty>לא ידוע</UnitQty>
      <Quantity>750.00</Quantity>
      <UnitOfMeasure>100 מ"ל</UnitOfMeasure>
      <bIsWeighted>0</bIsWeighted>
      <QtyInPackage>לא ידוע</QtyInPackage>
      <ItemPrice>24.80</ItemPrice>
      <UnitOfMeasurePrice>0.03</UnitOfMeasurePrice>
      <AllowDiscount>1</AllowDiscount>
      <ItemStatus/>
    </Item>
    <Item>
      <PriceUpdateTime>2025-04-11T08:23:57.000</PriceUpdateTime>
      <ItemCode>7290108620207</ItemCode>
      <LastSaleDateTime>2015-01-01T00:00:00.000</LastSaleDateTime>
      <ItemType>1</ItemType>
      <ItemName>יין אימפריאל ריזלינג</ItemName>
      <ManufactureName>לא ידוע</ManufactureName>
      <ManufactureCountry>לא ידוע</ManufactureCountry>
      <ManufactureItemDescription>יין אימפריאל ריזלינג</ManufactureItemDescription>
      <UnitQty>לא ידוע</UnitQty>
      <Quantity>750.00</Quantity>
      <UnitOfMeasure>100 מ"ל</UnitOfMeasure>
      <bIsWeighted>0</bIsWeighted>
      <QtyInPackage>לא ידוע</QtyInPackage>
      <ItemPrice>29.90</ItemPrice>
      <UnitOfMeasurePrice>0.04</UnitOfMeasurePrice>
      <AllowDiscount>1</AllowDiscount>
      <ItemStatus>2</ItemStatus>
    </Item>
    <Item>
      <PriceUpdateTime>2025-04-11T08:23:57.000</PriceUpdateTime>
      <ItemCode>7290108620207</ItemCode>
      <LastSaleDateTime>2015-01-01T00:00:00.000</LastSaleDateTime>
      <ItemType>1</ItemType>
      <ItemName>יין אימפריאל ריזלינג</ItemName>
      <ManufactureName>לא ידוע</ManufactureName>
      <ManufactureCountry>לא ידוע</ManufactureCountry>
      <ManufactureItemDescription>יין אימפריאל ריזלינג</ManufactureItemDescription>
      <UnitQty>לא ידוע</UnitQty>
      <Quantity>750.00</Quantity>
      <UnitOfMeasure>100 מ"ל</UnitOfMeasure>
      <bIsWeighted>0</bIsWeighted>
      <QtyInPackage>לא ידוע</QtyInPackage>
      <ItemPrice>29.90</ItemPrice>
      <UnitOfMeasurePrice>0.04</UnitOfMeasurePrice>
      <AllowDiscount>1</AllowDiscount>
      <ItemStatus/>
    </Item>
    <Item>
      <PriceUpdateTime>2025-04-11T08:23:57.000</PriceUpdateTime>
      <ItemCode>7290108620214</ItemCode>
      <LastSaleDateTime>2015-01-01T00:00:00.000</LastSaleDateTime>
      <ItemType>1</ItemType>
      <ItemName>יין פאלאס בלנד לבן 7</ItemName>
      <ManufactureName>לא ידוע</ManufactureName>
      <ManufactureCountry>לא ידוע</ManufactureCountry>
      <ManufactureItemDescription>יין פאלאס בלנד לבן 7</ManufactureItemDescription>
      <UnitQty>לא ידוע</UnitQty>
      <Quantity>750.00</Quantity>
      <UnitOfMeasure>100 מ"ל</UnitOfMeasure>
      <bIsWeighted>0</bIsWeighted>
      <QtyInPackage>לא ידוע</QtyInPackage>
      <ItemPrice>24.80</ItemPrice>
      <UnitOfMeasurePrice>0.03</UnitOfMeasurePrice>
      <AllowDiscount>1</AllowDiscount>
      <ItemStatus>2</ItemStatus>
    </Item>
    <Item>
      <PriceUpdateTime>2025-04-11T08:23:57.000</PriceUpdateTime>
      <ItemCode>7290108620214</ItemCode>
      <LastSaleDateTime>2015-01-01T00:00:00.000</LastSaleDateTime>
      <ItemType>1</ItemType>
      <ItemName>יין פאלאס בלנד לבן 7</ItemName>
      <ManufactureName>לא ידוע</ManufactureName>
      <ManufactureCountry>לא ידוע</ManufactureCountry>
      <ManufactureItemDescription>יין פאלאס בלנד לבן 7</ManufactureItemDescription>
      <UnitQty>לא ידוע</UnitQty>
      <Quantity>750.00</Quantity>
      <UnitOfMeasure>100 מ"ל</UnitOfMeasure>
      <bIsWeighted>0</bIsWeighted>
      <QtyInPackage>לא ידוע</QtyInPackage>
      <ItemPrice>24.80</ItemPrice>
      <UnitOfMeasurePrice>0.03</UnitOfMeasurePrice>
      <AllowDiscount>1</AllowDiscount>
      <ItemStatus/>
    </Item>
    <Item>
      <PriceUpdateTime>2025-04-11T08:23:57.000</PriceUpdateTime>
      <ItemCode>7290108620351</ItemCode>
      <LastSaleDateTime>2015-01-01T00:00:00.000</LastSaleDateTime>
      <ItemType>1</ItemType>
      <ItemName>גן עדן יין מתוק רוזה</ItemName>
      <ManufactureName>לא ידוע</ManufactureName>
      <ManufactureCountry>לא ידוע</ManufactureCountry>
      <ManufactureItemDescription>גן עדן יין מתוק רוזה</ManufactureItemDescription>
      <UnitQty>לא ידוע</UnitQty>
      <Quantity>750.00</Quantity>
      <UnitOfMeasure>100 מ"ל</UnitOfMeasure>
      <bIsWeighted>0</bIsWeighted>
      <QtyInPackage>לא ידוע</QtyInPackage>
      <ItemPrice>19.80</ItemPrice>
      <UnitOfMeasurePrice>0.03</UnitOfMeasurePrice>
      <AllowDiscount>1</AllowDiscount>
      <ItemStatus>2</ItemStatus>
    </Item>
    <Item>
      <PriceUpdateTime>2025-04-11T08:23:57.000</PriceUpdateTime>
      <ItemCode>7290108620351</ItemCode>
      <LastSaleDateTime>2015-01-01T00:00:00.000</LastSaleDateTime>
      <ItemType>1</ItemType>
      <ItemName>גן עדן יין מתוק רוזה</ItemName>
      <ManufactureName>לא ידוע</ManufactureName>
      <ManufactureCountry>לא ידוע</ManufactureCountry>
      <ManufactureItemDescription>גן עדן יין מתוק רוזה</ManufactureItemDescription>
      <UnitQty>לא ידוע</UnitQty>
      <Quantity>750.00</Quantity>
      <UnitOfMeasure>100 מ"ל</UnitOfMeasure>
      <bIsWeighted>0</bIsWeighted>
      <QtyInPackage>לא ידוע</QtyInPackage>
      <ItemPrice>19.80</ItemPrice>
      <UnitOfMeasurePrice>0.03</UnitOfMeasurePrice>
      <AllowDiscount>1</AllowDiscount>
      <ItemStatus/>
    </Item>
    <Item>
      <PriceUpdateTime>2025-04-11T08:23:57.000</PriceUpdateTime>
      <ItemCode>7290108620412</ItemCode>
      <LastSaleDateTime>2015-01-01T00:00:00.000</LastSaleDateTime>
      <ItemType>1</ItemType>
      <ItemName>יין שער האריותת קפיט</ItemName>
      <ManufactureName>לא ידוע</ManufactureName>
      <ManufactureCountry>לא ידוע</ManufactureCountry>
      <ManufactureItemDescription>יין שער האריותת קפיט</ManufactureItemDescription>
      <UnitQty>ליטר</UnitQty>
      <Quantity>1.00</Quantity>
      <UnitOfMeasure>ליטר    </UnitOfMeasure>
      <bIsWeighted>0</bIsWeighted>
      <QtyInPackage>לא ידוע</QtyInPackage>
      <ItemPrice>54.90</ItemPrice>
      <UnitOfMeasurePrice>54.90</UnitOfMeasurePrice>
      <AllowDiscount>1</AllowDiscount>
      <ItemStatus>2</ItemStatus>
    </Item>
    <Item>
      <PriceUpdateTime>2025-04-11T08:23:57.000</PriceUpdateTime>
      <ItemCode>7290108620412</ItemCode>
      <LastSaleDateTime>2015-01-01T00:00:00.000</LastSaleDateTime>
      <ItemType>1</ItemType>
      <ItemName>יין שער האריותת קפיט</ItemName>
      <ManufactureName>לא ידוע</ManufactureName>
      <ManufactureCountry>לא ידוע</ManufactureCountry>
      <ManufactureItemDescription>יין שער האריותת קפיט</ManufactureItemDescription>
      <UnitQty>ליטר</UnitQty>
      <Quantity>1.00</Quantity>
      <UnitOfMeasure>ליטר    </UnitOfMeasure>
      <bIsWeighted>0</bIsWeighted>
      <QtyInPackage>לא ידוע</QtyInPackage>
      <ItemPrice>54.90</ItemPrice>
      <UnitOfMeasurePrice>54.90</UnitOfMeasurePrice>
      <AllowDiscount>1</AllowDiscount>
      <ItemStatus/>
    </Item>
    <Item>
      <PriceUpdateTime>2025-04-11T08:23:57.000</PriceUpdateTime>
      <ItemCode>7290108620498</ItemCode>
      <LastSaleDateTime>2015-01-01T00:00:00.000</LastSaleDateTime>
      <ItemType>1</ItemType>
      <ItemName>יין קפיטל רוזה 750 מ</ItemName>
      <ManufactureName>לא ידוע</ManufactureName>
      <ManufactureCountry>לא ידוע</ManufactureCountry>
      <ManufactureItemDescription>יין קפיטל רוזה 750 מ</ManufactureItemDescription>
      <UnitQty>לא ידוע</UnitQty>
      <Quantity>750.00</Quantity>
      <UnitOfMeasure>100 מ"ל</UnitOfMeasure>
      <bIsWeighted>0</bIsWeighted>
      <QtyInPackage>לא ידוע</QtyInPackage>
      <ItemPrice>54.90</ItemPrice>
      <UnitOfMeasurePrice>0.07</UnitOfMeasurePrice>
      <AllowDiscount>1</AllowDiscount>
      <ItemStatus>2</ItemStatus>
    </Item>
    <Item>
      <PriceUpdateTime>2025-04-11T08:23:57.000</PriceUpdateTime>
      <ItemCode>7290108620498</ItemCode>
      <LastSaleDateTime>2015-01-01T00:00:00.000</LastSaleDateTime>
      <ItemType>1</ItemType>
      <ItemName>יין קפיטל רוזה 750 מ</ItemName>
      <ManufactureName>לא ידוע</ManufactureName>
      <ManufactureCountry>לא ידוע</ManufactureCountry>
      <ManufactureItemDescription>יין קפיטל רוזה 750 מ</ManufactureItemDescription>
      <UnitQty>לא ידוע</UnitQty>
      <Quantity>750.00</Quantity>
      <UnitOfMeasure>100 מ"ל</UnitOfMeasure>
      <bIsWeighted>0</bIsWeighted>
      <QtyInPackage>לא ידוע</QtyInPackage>
      <ItemPrice>54.90</ItemPrice>
      <UnitOfMeasurePrice>0.07</UnitOfMeasurePrice>
      <AllowDiscount>1</AllowDiscount>
      <ItemStatus/>
    </Item>
    <Item>
      <PriceUpdateTime>2025-04-11T08:23:57.000</PriceUpdateTime>
      <ItemCode>7290108620504</ItemCode>
      <LastSaleDateTime>2015-01-01T00:00:00.000</LastSaleDateTime>
      <ItemType>1</ItemType>
      <ItemName>יין שער האריות לבן 7</ItemName>
      <ManufactureName>לא ידוע</ManufactureName>
      <ManufactureCountry>לא ידוע</ManufactureCountry>
      <ManufactureItemDescription>יין שער האריות לבן 7</ManufactureItemDescription>
      <UnitQty>לא ידוע</UnitQty>
      <Quantity>750.00</Quantity>
      <UnitOfMeasure>100 מ"ל</UnitOfMeasure>
      <bIsWeighted>0</bIsWeighted>
      <QtyInPackage>לא ידוע</QtyInPackage>
      <ItemPrice>54.90</ItemPrice>
      <UnitOfMeasurePrice>0.07</UnitOfMeasurePrice>
      <AllowDiscount>1</AllowDiscount>
      <ItemStatus>2</ItemStatus>
    </Item>
    <Item>
      <PriceUpdateTime>2025-04-11T08:23:57.000</PriceUpdateTime>
      <ItemCode>7290108620504</ItemCode>
      <LastSaleDateTime>2015-01-01T00:00:00.000</LastSaleDateTime>
      <ItemType>1</ItemType>
      <ItemName>יין שער האריות לבן 7</ItemName>
      <ManufactureName>לא ידוע</ManufactureName>
      <ManufactureCountry>לא ידוע</ManufactureCountry>
      <ManufactureItemDescription>יין שער האריות לבן 7</ManufactureItemDescription>
      <UnitQty>לא ידוע</UnitQty>
      <Quantity>750.00</Quantity>
      <UnitOfMeasure>100 מ"ל</UnitOfMeasure>
      <bIsWeighted>0</bIsWeighted>
      <QtyInPackage>לא ידוע</QtyInPackage>
      <ItemPrice>54.90</ItemPrice>
      <UnitOfMeasurePrice>0.07</UnitOfMeasurePrice>
      <AllowDiscount>1</AllowDiscount>
      <ItemStatus/>
    </Item>
    <Item>
      <PriceUpdateTime>2025-04-11T08:23:57.000</PriceUpdateTime>
      <ItemCode>7290108622072</ItemCode>
      <LastSaleDateTime>2015-01-01T00:00:00.000</LastSaleDateTime>
      <ItemType>1</ItemType>
      <ItemName>יין מוסקטו אדום 750</ItemName>
      <ManufactureName>לא ידוע</ManufactureName>
      <ManufactureCountry>לא ידוע</ManufactureCountry>
      <ManufactureItemDescription>יין מוסקטו אדום 750</ManufactureItemDescription>
      <UnitQty>לא ידוע</UnitQty>
      <Quantity>750.00</Quantity>
      <UnitOfMeasure>100 מ"ל</UnitOfMeasure>
      <bIsWeighted>0</bIsWeighted>
      <QtyInPackage>לא ידוע</QtyInPackage>
      <ItemPrice>39.90</ItemPrice>
      <UnitOfMeasurePrice>0.05</UnitOfMeasurePrice>
      <AllowDiscount>1</AllowDiscount>
      <ItemStatus>2</ItemStatus>
    </Item>
    <Item>
      <PriceUpdateTime>2025-04-11T08:23:57.000</PriceUpdateTime>
      <ItemCode>7290108622072</ItemCode>
      <LastSaleDateTime>2015-01-01T00:00:00.000</LastSaleDateTime>
      <ItemType>1</ItemType>
      <ItemName>יין מוסקטו אדום 750</ItemName>
      <ManufactureName>לא ידוע</ManufactureName>
      <ManufactureCountry>לא ידוע</ManufactureCountry>
      <ManufactureItemDescription>יין מוסקטו אדום 750</ManufactureItemDescription>
      <UnitQty>לא ידוע</UnitQty>
      <Quantity>750.00</Quantity>
      <UnitOfMeasure>100 מ"ל</UnitOfMeasure>
      <bIsWeighted>0</bIsWeighted>
      <QtyInPackage>לא ידוע</QtyInPackage>
      <ItemPrice>39.90</ItemPrice>
      <UnitOfMeasurePrice>0.05</UnitOfMeasurePrice>
      <AllowDiscount>1</AllowDiscount>
      <ItemStatus/>
    </Item>
    <Item>
      <PriceUpdateTime>2025-04-11T08:23:57.000</PriceUpdateTime>
      <ItemCode>7290108622089</ItemCode>
      <LastSaleDateTime>2015-01-01T00:00:00.000</LastSaleDateTime>
      <ItemType>1</ItemType>
      <ItemName>יין מוסקטו לבן 750 מ</ItemName>
      <ManufactureName>לא ידוע</ManufactureName>
      <ManufactureCountry>לא ידוע</ManufactureCountry>
      <ManufactureItemDescription>יין מוסקטו לבן 750 מ</ManufactureItemDescription>
      <UnitQty>לא ידוע</UnitQty>
      <Quantity>750.00</Quantity>
      <UnitOfMeasure>100 מ"ל</UnitOfMeasure>
      <bIsWeighted>0</bIsWeighted>
      <QtyInPackage>לא ידוע</QtyInPackage>
      <ItemPrice>39.90</ItemPrice>
      <UnitOfMeasurePrice>0.05</UnitOfMeasurePrice>
      <AllowDiscount>1</AllowDiscount>
      <ItemStatus>2</ItemStatus>
    </Item>
    <Item>
      <PriceUpdateTime>2025-04-11T08:23:57.000</PriceUpdateTime>
      <ItemCode>7290108622089</ItemCode>
      <LastSaleDateTime>2015-01-01T00:00:00.000</LastSaleDateTime>
      <ItemType>1</ItemType>
      <ItemName>יין מוסקטו לבן 750 מ</ItemName>
      <ManufactureName>לא ידוע</ManufactureName>
      <ManufactureCountry>לא ידוע</ManufactureCountry>
      <ManufactureItemDescription>יין מוסקטו לבן 750 מ</ManufactureItemDescription>
      <UnitQty>לא ידוע</UnitQty>
      <Quantity>750.00</Quantity>
      <UnitOfMeasure>100 מ"ל</UnitOfMeasure>
      <bIsWeighted>0</bIsWeighted>
      <QtyInPackage>לא ידוע</QtyInPackage>
      <ItemPrice>39.90</ItemPrice>
      <UnitOfMeasurePrice>0.05</UnitOfMeasurePrice>
      <AllowDiscount>1</AllowDiscount>
      <ItemStatus/>
    </Item>
    <Item>
      <PriceUpdateTime>2025-04-11T08:24:03.000</PriceUpdateTime>
      <ItemCode>7610113011652</ItemCode>
      <LastSaleDateTime>2015-01-01T00:00:00.000</LastSaleDateTime>
      <ItemType>1</ItemType>
      <ItemName>בקרדי בריזר תפוח 275</ItemName>
      <ManufactureName>לא ידוע</ManufactureName>
      <ManufactureCountry>לא ידוע</ManufactureCountry>
      <ManufactureItemDescription>בקרדי בריזר תפוח 275</ManufactureItemDescription>
      <UnitQty>לא ידוע</UnitQty>
      <Quantity>275.00</Quantity>
      <UnitOfMeasure>100 מ"ל</UnitOfMeasure>
      <bIsWeighted>0</bIsWeighted>
      <QtyInPackage>לא ידוע</QtyInPackage>
      <ItemPrice>13.90</ItemPrice>
      <UnitOfMeasurePrice>0.05</UnitOfMeasurePrice>
      <AllowDiscount>1</AllowDiscount>
      <ItemStatus>2</ItemStatus>
    </Item>
    <Item>
      <PriceUpdateTime>2025-04-11T08:24:03.000</PriceUpdateTime>
      <ItemCode>7610113011652</ItemCode>
      <LastSaleDateTime>2015-01-01T00:00:00.000</LastSaleDateTime>
      <ItemType>1</ItemType>
      <ItemName>בקרדי בריזר תפוח 275</ItemName>
      <ManufactureName>לא ידוע</ManufactureName>
      <ManufactureCountry>לא ידוע</ManufactureCountry>
      <ManufactureItemDescription>בקרדי בריזר תפוח 275</ManufactureItemDescription>
      <UnitQty>לא ידוע</UnitQty>
      <Quantity>275.00</Quantity>
      <UnitOfMeasure>100 מ"ל</UnitOfMeasure>
      <bIsWeighted>0</bIsWeighted>
      <QtyInPackage>לא ידוע</QtyInPackage>
      <ItemPrice>13.90</ItemPrice>
      <UnitOfMeasurePrice>0.05</UnitOfMeasurePrice>
      <AllowDiscount>1</AllowDiscount>
      <ItemStatus/>
    </Item>
    <Item>
      <PriceUpdateTime>2025-04-11T08:24:03.000</PriceUpdateTime>
      <ItemCode>7610113023716</ItemCode>
      <LastSaleDateTime>2026-01-29T12:36:54.000</LastSaleDateTime>
      <ItemType>1</ItemType>
      <ItemName>בקרדי בריזר אפרסק 27</ItemName>
      <ManufactureName>לא ידוע</ManufactureName>
      <ManufactureCountry>לא ידוע</ManufactureCountry>
      <ManufactureItemDescription>בקרדי בריזר אפרסק 27</ManufactureItemDescription>
      <UnitQty>לא ידוע</UnitQty>
      <Quantity>275.00</Quantity>
      <UnitOfMeasure>100 מ"ל</UnitOfMeasure>
      <bIsWeighted>0</bIsWeighted>
      <QtyInPackage>לא ידוע</QtyInPackage>
      <ItemPrice>13.90</ItemPrice>
      <UnitOfMeasurePrice>0.05</UnitOfMeasurePrice>
      <AllowDiscount>1</AllowDiscount>
      <ItemStatus/>
    </Item>
    <Item>
      <PriceUpdateTime>2025-04-11T08:24:03.000</PriceUpdateTime>
      <ItemCode>7804414000877</ItemCode>
      <LastSaleDateTime>2025-10-12T00:00:00.000</LastSaleDateTime>
      <ItemType>1</ItemType>
      <ItemName>דון חוליו מרלו</ItemName>
      <ManufactureName>לואיס פליפה אדוארדס</ManufactureName>
      <ManufactureCountry>צילה</ManufactureCountry>
      <ManufactureItemDescription>דון חוליו מרלו כשר</ManufactureItemDescription>
      <UnitQty>לא ידוע</UnitQty>
      <Quantity>750.00</Quantity>
      <UnitOfMeasure>100 מ"ל</UnitOfMeasure>
      <bIsWeighted>0</bIsWeighted>
      <QtyInPackage>לא ידוע</QtyInPackage>
      <ItemPrice>29.90</ItemPrice>
      <UnitOfMeasurePrice>0.04</UnitOfMeasurePrice>
      <AllowDiscount>1</AllowDiscount>
      <ItemStatus>2</ItemStatus>
    </Item>
    <Item>
      <PriceUpdateTime>2025-04-11T08:24:03.000</PriceUpdateTime>
      <ItemCode>7804414000877</ItemCode>
      <LastSaleDateTime>2025-10-12T00:00:00.000</LastSaleDateTime>
      <ItemType>1</ItemType>
      <ItemName>דון חוליו מרלו</ItemName>
      <ManufactureName>לואיס פליפה אדוארדס</ManufactureName>
      <ManufactureCountry>צילה</ManufactureCountry>
      <ManufactureItemDescription>דון חוליו מרלו כשר</ManufactureItemDescription>
      <UnitQty>לא ידוע</UnitQty>
      <Quantity>750.00</Quantity>
      <UnitOfMeasure>100 מ"ל</UnitOfMeasure>
      <bIsWeighted>0</bIsWeighted>
      <QtyInPackage>לא ידוע</QtyInPackage>
      <ItemPrice>29.90</ItemPrice>
      <UnitOfMeasurePrice>0.04</UnitOfMeasurePrice>
      <AllowDiscount>1</AllowDiscount>
      <ItemStatus/>
    </Item>
    <Item>
      <PriceUpdateTime>2025-04-11T08:24:03.000</PriceUpdateTime>
      <ItemCode>7804414000884</ItemCode>
      <LastSaleDateTime>2025-10-06T00:00:00.000</LastSaleDateTime>
      <ItemType>1</ItemType>
      <ItemName>דון חוליו שרדונה</ItemName>
      <ManufactureName>לואיס פליפה אדוארדס</ManufactureName>
      <ManufactureCountry>צילה</ManufactureCountry>
      <ManufactureItemDescription>דון חוליו שרדונה כשר</ManufactureItemDescription>
      <UnitQty>לא ידוע</UnitQty>
      <Quantity>750.00</Quantity>
      <UnitOfMeasure>100 מ"ל</UnitOfMeasure>
      <bIsWeighted>0</bIsWeighted>
      <QtyInPackage>לא ידוע</QtyInPackage>
      <ItemPrice>29.90</ItemPrice>
      <UnitOfMeasurePrice>0.04</UnitOfMeasurePrice>
      <AllowDiscount>1</AllowDiscount>
      <ItemStatus>2</ItemStatus>
    </Item>
    <Item>
      <PriceUpdateTime>2025-04-11T08:24:03.000</PriceUpdateTime>
      <ItemCode>7804414000884</ItemCode>
      <LastSaleDateTime>2025-10-06T00:00:00.000</LastSaleDateTime>
      <ItemType>1</ItemType>
      <ItemName>דון חוליו שרדונה</ItemName>
      <ManufactureName>לואיס פליפה אדוארדס</ManufactureName>
      <ManufactureCountry>צילה</ManufactureCountry>
      <ManufactureItemDescription>דון חוליו שרדונה כשר</ManufactureItemDescription>
      <UnitQty>לא ידוע</UnitQty>
      <Quantity>750.00</Quantity>
      <UnitOfMeasure>100 מ"ל</UnitOfMeasure>
      <bIsWeighted>0</bIsWeighted>
      <QtyInPackage>לא ידוע</QtyInPackage>
      <ItemPrice>29.90</ItemPrice>
      <UnitOfMeasurePrice>0.04</UnitOfMeasurePrice>
      <AllowDiscount>1</AllowDiscount>
      <ItemStatus/>
    </Item>
    <Item>
      <PriceUpdateTime>2025-04-11T08:24:03.000</PriceUpdateTime>
      <ItemCode>7804414001614</ItemCode>
      <LastSaleDateTime>2015-01-01T00:00:00.000</LastSaleDateTime>
      <ItemType>1</ItemType>
      <ItemName>דון חוליו שירז</ItemName>
      <ManufactureName>לואיס פליפה אדוארדס</ManufactureName>
      <ManufactureCountry>צילה</ManufactureCountry>
      <ManufactureItemDescription>דון חוליו שירז כשר</ManufactureItemDescription>
      <UnitQty>לא ידוע</UnitQty>
      <Quantity>750.00</Quantity>
      <UnitOfMeasure>100 מ"ל</UnitOfMeasure>
      <bIsWeighted>0</bIsWeighted>
      <QtyInPackage>לא ידוע</QtyInPackage>
      <ItemPrice>29.90</ItemPrice>
      <UnitOfMeasurePrice>0.04</UnitOfMeasurePrice>
      <AllowDiscount>1</AllowDiscount>
      <ItemStatus>2</ItemStatus>
    </Item>
    <Item>
      <PriceUpdateTime>2025-04-11T08:24:03.000</PriceUpdateTime>
      <ItemCode>7804414001614</ItemCode>
      <LastSaleDateTime>2015-01-01T00:00:00.000</LastSaleDateTime>
      <ItemType>1</ItemType>
      <ItemName>דון חוליו שירז</ItemName>
      <ManufactureName>לואיס פליפה אדוארדס</ManufactureName>
      <ManufactureCountry>צילה</ManufactureCountry>
      <ManufactureItemDescription>דון חוליו שירז כשר</ManufactureItemDescription>
      <UnitQty>לא ידוע</UnitQty>
      <Quantity>750.00</Quantity>
      <UnitOfMeasure>100 מ"ל</UnitOfMeasure>
      <bIsWeighted>0</bIsWeighted>
      <QtyInPackage>לא ידוע</QtyInPackage>
      <ItemPrice>29.90</ItemPrice>
      <UnitOfMeasurePrice>0.04</UnitOfMeasurePrice>
      <AllowDiscount>1</AllowDiscount>
      <ItemStatus/>
    </Item>
    <Item>
      <PriceUpdateTime>2025-04-11T08:24:03.000</PriceUpdateTime>
      <ItemCode>7804414002147</ItemCode>
      <LastSaleDateTime>2015-01-01T00:00:00.000</LastSaleDateTime>
      <ItemType>1</ItemType>
      <ItemName>דון חוליו רבע מרלו 1</ItemName>
      <ManufactureName>לא ידוע</ManufactureName>
      <ManufactureCountry>לא ידוע</ManufactureCountry>
      <ManufactureItemDescription>דון חוליו רבע מרלו 1</ManufactureItemDescription>
      <UnitQty>לא ידוע</UnitQty>
      <Quantity>187.00</Quantity>
      <UnitOfMeasure>100 מ"ל</UnitOfMeasure>
      <bIsWeighted>0</bIsWeighted>
      <QtyInPackage>לא ידוע</QtyInPackage>
      <ItemPrice>8.90</ItemPrice>
      <UnitOfMeasurePrice>0.05</UnitOfMeasurePrice>
      <AllowDiscount>1</AllowDiscount>
      <ItemStatus>2</ItemStatus>
    </Item>
    <Item>
      <PriceUpdateTime>2025-04-11T08:24:03.000</PriceUpdateTime>
      <ItemCode>7804414002147</ItemCode>
      <LastSaleDateTime>2015-01-01T00:00:00.000</LastSaleDateTime>
      <ItemType>1</ItemType>
      <ItemName>דון חוליו רבע מרלו 1</ItemName>
      <ManufactureName>לא ידוע</ManufactureName>
      <ManufactureCountry>לא ידוע</ManufactureCountry>
      <ManufactureItemDescription>דון חוליו רבע מרלו 1</ManufactureItemDescription>
      <UnitQty>לא ידוע</UnitQty>
      <Quantity>187.00</Quantity>
      <UnitOfMeasure>100 מ"ל</UnitOfMeasure>
      <bIsWeighted>0</bIsWeighted>
      <QtyInPackage>לא ידוע</QtyInPackage>
      <ItemPrice>8.90</ItemPrice>
      <UnitOfMeasurePrice>0.05</UnitOfMeasurePrice>
      <AllowDiscount>1</AllowDiscount>
      <ItemStatus/>
    </Item>
    <Item>
      <PriceUpdateTime>2025-04-11T08:24:03.000</PriceUpdateTime>
      <ItemCode>7804414002161</ItemCode>
      <LastSaleDateTime>2015-01-01T00:00:00.000</LastSaleDateTime>
      <ItemType>1</ItemType>
      <ItemName>דון חוליו קברנה סובי</ItemName>
      <ManufactureName>לא ידוע</ManufactureName>
      <ManufactureCountry>לא ידוע</ManufactureCountry>
      <ManufactureItemDescription>דון חוליו קברנה סובי</ManufactureItemDescription>
      <UnitQty>לא ידוע</UnitQty>
      <Quantity>187.00</Quantity>
      <UnitOfMeasure>100 מ"ל</UnitOfMeasure>
      <bIsWeighted>0</bIsWeighted>
      <QtyInPackage>לא ידוע</QtyInPackage>
      <ItemPrice>8.90</ItemPrice>
      <UnitOfMeasurePrice>0.05</UnitOfMeasurePrice>
      <AllowDiscount>1</AllowDiscount>
      <ItemStatus>2</ItemStatus>
    </Item>
    <Item>
      <PriceUpdateTime>2025-04-11T08:24:03.000</PriceUpdateTime>
      <ItemCode>7804414002161</ItemCode>
      <LastSaleDateTime>2015-01-01T00:00:00.000</LastSaleDateTime>
      <ItemType>1</ItemType>
      <ItemName>דון חוליו קברנה סובי</ItemName>
      <ManufactureName>לא ידוע</ManufactureName>
      <ManufactureCountry>לא ידוע</ManufactureCountry>
      <ManufactureItemDescription>דון חוליו קברנה סובי</ManufactureItemDescription>
      <UnitQty>לא ידוע</UnitQty>
      <Quantity>187.00</Quantity>
      <UnitOfMeasure>100 מ"ל</UnitOfMeasure>
      <bIsWeighted>0</bIsWeighted>
      <QtyInPackage>לא ידוע</QtyInPackage>
      <ItemPrice>8.90</ItemPrice>
      <UnitOfMeasurePrice>0.05</UnitOfMeasurePrice>
      <AllowDiscount>1</AllowDiscount>
      <ItemStatus/>
    </Item>
    <Item>
      <PriceUpdateTime>2025-04-11T08:24:03.000</PriceUpdateTime>
      <ItemCode>7804414012344</ItemCode>
      <LastSaleDateTime>2025-10-10T00:00:00.000</LastSaleDateTime>
      <ItemType>1</ItemType>
      <ItemName>דון חוליו סוביניון ב</ItemName>
      <ManufactureName>לא ידוע</ManufactureName>
      <ManufactureCountry>לא ידוע</ManufactureCountry>
      <ManufactureItemDescription>דון חוליו סוביניון ב</ManufactureItemDescription>
      <UnitQty>לא ידוע</UnitQty>
      <Quantity>750.00</Quantity>
      <UnitOfMeasure>100 מ"ל</UnitOfMeasure>
      <bIsWeighted>0</bIsWeighted>
      <QtyInPackage>לא ידוע</QtyInPackage>
      <ItemPrice>29.90</ItemPrice>
      <UnitOfMeasurePrice>0.04</UnitOfMeasurePrice>
      <AllowDiscount>1</AllowDiscount>
      <ItemStatus>2</ItemStatus>
    </Item>
    <Item>
      <PriceUpdateTime>2025-04-11T08:24:03.000</PriceUpdateTime>
      <ItemCode>7804414012344</ItemCode>
      <LastSaleDateTime>2025-10-10T00:00:00.000</LastSaleDateTime>
      <ItemType>1</ItemType>
      <ItemName>דון חוליו סוביניון ב</ItemName>
      <ManufactureName>לא ידוע</ManufactureName>
      <ManufactureCountry>לא ידוע</ManufactureCountry>
      <ManufactureItemDescription>דון חוליו סוביניון ב</ManufactureItemDescription>
      <UnitQty>לא ידוע</UnitQty>
      <Quantity>750.00</Quantity>
      <UnitOfMeasure>100 מ"ל</UnitOfMeasure>
      <bIsWeighted>0</bIsWeighted>
      <QtyInPackage>לא ידוע</QtyInPackage>
      <ItemPrice>29.90</ItemPrice>
      <UnitOfMeasurePrice>0.04</UnitOfMeasurePrice>
      <AllowDiscount>1</AllowDiscount>
      <ItemStatus/>
    </Item>
    <Item>
      <PriceUpdateTime>2025-04-11T08:24:03.000</PriceUpdateTime>
      <ItemCode>7804414012351</ItemCode>
      <LastSaleDateTime>2015-01-01T00:00:00.000</LastSaleDateTime>
      <ItemType>1</ItemType>
      <ItemName>דון חוליו מלבק</ItemName>
      <ManufactureName>לא ידוע</ManufactureName>
      <ManufactureCountry>לא ידוע</ManufactureCountry>
      <ManufactureItemDescription>דון חוליו מלבק</ManufactureItemDescription>
      <UnitQty>לא ידוע</UnitQty>
      <Quantity>750.00</Quantity>
      <UnitOfMeasure>100 מ"ל</UnitOfMeasure>
      <bIsWeighted>0</bIsWeighted>
      <QtyInPackage>לא ידוע</QtyInPackage>
      <ItemPrice>29.90</ItemPrice>
      <UnitOfMeasurePrice>0.04</UnitOfMeasurePrice>
      <AllowDiscount>1</AllowDiscount>
      <ItemStatus>2</ItemStatus>
    </Item>
    <Item>
      <PriceUpdateTime>2025-04-11T08:24:03.000</PriceUpdateTime>
      <ItemCode>7804414012351</ItemCode>
      <LastSaleDateTime>2015-01-01T00:00:00.000</LastSaleDateTime>
      <ItemType>1</ItemType>
      <ItemName>דון חוליו מלבק</ItemName>
      <ManufactureName>לא ידוע</ManufactureName>
      <ManufactureCountry>לא ידוע</ManufactureCountry>
      <ManufactureItemDescription>דון חוליו מלבק</ManufactureItemDescription>
      <UnitQty>לא ידוע</UnitQty>
      <Quantity>750.00</Quantity>
      <UnitOfMeasure>100 מ"ל</UnitOfMeasure>
      <bIsWeighted>0</bIsWeighted>
      <QtyInPackage>לא ידוע</QtyInPackage>
      <ItemPrice>29.90</ItemPrice>
      <UnitOfMeasurePrice>0.04</UnitOfMeasurePrice>
      <AllowDiscount>1</AllowDiscount>
      <ItemStatus/>
    </Item>
    <Item>
      <PriceUpdateTime>2025-04-11T08:24:03.000</PriceUpdateTime>
      <ItemCode>7804414012368</ItemCode>
      <LastSaleDateTime>2015-01-01T00:00:00.000</LastSaleDateTime>
      <ItemType>1</ItemType>
      <ItemName>דון חוליו רוזה</ItemName>
      <ManufactureName>לא ידוע</ManufactureName>
      <ManufactureCountry>לא ידוע</ManufactureCountry>
      <ManufactureItemDescription>דון חוליו רוזה</ManufactureItemDescription>
      <UnitQty>לא ידוע</UnitQty>
      <Quantity>750.00</Quantity>
      <UnitOfMeasure>100 מ"ל</UnitOfMeasure>
      <bIsWeighted>0</bIsWeighted>
      <QtyInPackage>לא ידוע</QtyInPackage>
      <ItemPrice>29.90</ItemPrice>
      <UnitOfMeasurePrice>0.04</UnitOfMeasurePrice>
      <AllowDiscount>1</AllowDiscount>
      <ItemStatus>2</ItemStatus>
    </Item>
    <Item>
      <PriceUpdateTime>2025-04-11T08:24:03.000</PriceUpdateTime>
      <ItemCode>7804414012368</ItemCode>
      <LastSaleDateTime>2015-01-01T00:00:00.000</LastSaleDateTime>
      <ItemType>1</ItemType>
      <ItemName>דון חוליו רוזה</ItemName>
      <ManufactureName>לא ידוע</ManufactureName>
      <ManufactureCountry>לא ידוע</ManufactureCountry>
      <ManufactureItemDescription>דון חוליו רוזה</ManufactureItemDescription>
      <UnitQty>לא ידוע</UnitQty>
      <Quantity>750.00</Quantity>
      <UnitOfMeasure>100 מ"ל</UnitOfMeasure>
      <bIsWeighted>0</bIsWeighted>
      <QtyInPackage>לא ידוע</QtyInPackage>
      <ItemPrice>29.90</ItemPrice>
      <UnitOfMeasurePrice>0.04</UnitOfMeasurePrice>
      <AllowDiscount>1</AllowDiscount>
      <ItemStatus/>
    </Item>
    <Item>
      <PriceUpdateTime>2025-04-11T08:24:03.000</PriceUpdateTime>
      <ItemCode>7804414000860</ItemCode>
      <LastSaleDateTime>2015-01-01T00:00:00.000</LastSaleDateTime>
      <ItemType>1</ItemType>
      <ItemName>דון חוליו קברנה סובי</ItemName>
      <ManufactureName>לואיס פליפה אדוארדס</ManufactureName>
      <ManufactureCountry>צילה</ManufactureCountry>
      <ManufactureItemDescription>דון חוליו קברנה כשר</ManufactureItemDescription>
      <UnitQty>לא ידוע</UnitQty>
      <Quantity>750.00</Quantity>
      <UnitOfMeasure>100 מ"ל</UnitOfMeasure>
      <bIsWeighted>0</bIsWeighted>
      <QtyInPackage>לא ידוע</QtyInPackage>
      <ItemPrice>29.90</ItemPrice>
      <UnitOfMeasurePrice>0.04</UnitOfMeasurePrice>
      <AllowDiscount>1</AllowDiscount>
      <ItemStatus>2</ItemStatus>
    </Item>
    <Item>
      <PriceUpdateTime>2025-04-11T08:24:03.000</PriceUpdateTime>
      <ItemCode>7804414000860</ItemCode>
      <LastSaleDateTime>2015-01-01T00:00:00.000</LastSaleDateTime>
      <ItemType>1</ItemType>
      <ItemName>דון חוליו קברנה סובי</ItemName>
      <ManufactureName>לואיס פליפה אדוארדס</ManufactureName>
      <ManufactureCountry>צילה</ManufactureCountry>
      <ManufactureItemDescription>דון חוליו קברנה כשר</ManufactureItemDescription>
      <UnitQty>לא ידוע</UnitQty>
      <Quantity>750.00</Quantity>
      <UnitOfMeasure>100 מ"ל</UnitOfMeasure>
      <bIsWeighted>0</bIsWeighted>
      <QtyInPackage>לא ידוע</QtyInPackage>
      <ItemPrice>29.90</ItemPrice>
      <UnitOfMeasurePrice>0.04</UnitOfMeasurePrice>
      <AllowDiscount>1</AllowDiscount>
      <ItemStatus/>
    </Item>
    <Item>
      <PriceUpdateTime>2025-04-11T08:24:03.000</PriceUpdateTime>
      <ItemCode>7798141877829</ItemCode>
      <LastSaleDateTime>2026-01-12T21:30:24.000</LastSaleDateTime>
      <ItemType>1</ItemType>
      <ItemName>גאטו נגרו פינו גריג'</ItemName>
      <ManufactureName>לא ידוע</ManufactureName>
      <ManufactureCountry>לא ידוע</ManufactureCountry>
      <ManufactureItemDescription>גאטו נגרו פינו גריג'</ManufactureItemDescription>
      <UnitQty>לא ידוע</UnitQty>
      <Quantity>750.00</Quantity>
      <UnitOfMeasure>100 מ"ל</UnitOfMeasure>
      <bIsWeighted>0</bIsWeighted>
      <QtyInPackage>לא ידוע</QtyInPackage>
      <ItemPrice>35.90</ItemPrice>
      <UnitOfMeasurePrice>0.05</UnitOfMeasurePrice>
      <AllowDiscount>1</AllowDiscount>
      <ItemStatus/>
    </Item>
    <Item>
      <PriceUpdateTime>2025-04-11T08:24:03.000</PriceUpdateTime>
      <ItemCode>7798141877836</ItemCode>
      <LastSaleDateTime>2015-01-01T00:00:00.000</LastSaleDateTime>
      <ItemType>1</ItemType>
      <ItemName>גאטו נגרו סובניון בל</ItemName>
      <ManufactureName>לא ידוע</ManufactureName>
      <ManufactureCountry>לא ידוע</ManufactureCountry>
      <ManufactureItemDescription>גאטו נגרו סובניון בל</ManufactureItemDescription>
      <UnitQty>לא ידוע</UnitQty>
      <Quantity>750.00</Quantity>
      <UnitOfMeasure>100 מ"ל</UnitOfMeasure>
      <bIsWeighted>0</bIsWeighted>
      <QtyInPackage>לא ידוע</QtyInPackage>
      <ItemPrice>35.90</ItemPrice>
      <UnitOfMeasurePrice>0.05</UnitOfMeasurePrice>
      <AllowDiscount>1</AllowDiscount>
      <ItemStatus>2</ItemStatus>
    </Item>
    <Item>
      <PriceUpdateTime>2025-04-11T08:24:03.000</PriceUpdateTime>
      <ItemCode>7798141877836</ItemCode>
      <LastSaleDateTime>2015-01-01T00:00:00.000</LastSaleDateTime>
      <ItemType>1</ItemType>
      <ItemName>גאטו נגרו סובניון בל</ItemName>
      <ManufactureName>לא ידוע</ManufactureName>
      <ManufactureCountry>לא ידוע</ManufactureCountry>
      <ManufactureItemDescription>גאטו נגרו סובניון בל</ManufactureItemDescription>
      <UnitQty>לא ידוע</UnitQty>
      <Quantity>750.00</Quantity>
      <UnitOfMeasure>100 מ"ל</UnitOfMeasure>
      <bIsWeighted>0</bIsWeighted>
      <QtyInPackage>לא ידוע</QtyInPackage>
      <ItemPrice>35.90</ItemPrice>
      <UnitOfMeasurePrice>0.05</UnitOfMeasurePrice>
      <AllowDiscount>1</AllowDiscount>
      <ItemStatus/>
    </Item>
    <Item>
      <PriceUpdateTime>2025-04-11T08:24:03.000</PriceUpdateTime>
      <ItemCode>7610113027684</ItemCode>
      <LastSaleDateTime>2026-01-20T17:29:05.000</LastSaleDateTime>
      <ItemType>1</ItemType>
      <ItemName>בקרדי בריזר מנגו פסי</ItemName>
      <ManufactureName>לא ידוע</ManufactureName>
      <ManufactureCountry>לא ידוע</ManufactureCountry>
      <ManufactureItemDescription>בקרדי בריזר מנגו פסי</ManufactureItemDescription>
      <UnitQty>לא ידוע</UnitQty>
      <Quantity>275.00</Quantity>
      <UnitOfMeasure>100 מ"ל</UnitOfMeasure>
      <bIsWeighted>0</bIsWeighted>
      <QtyInPackage>לא ידוע</QtyInPackage>
      <ItemPrice>13.90</ItemPrice>
      <UnitOfMeasurePrice>0.05</UnitOfMeasurePrice>
      <AllowDiscount>1</AllowDiscount>
      <ItemStatus/>
    </Item>
    <Item>
      <PriceUpdateTime>2025-04-11T08:24:04.000</PriceUpdateTime>
      <ItemCode>8002450409206</ItemCode>
      <LastSaleDateTime>2015-01-01T00:00:00.000</LastSaleDateTime>
      <ItemType>1</ItemType>
      <ItemName>ורדי אפרסק 750 מל</ItemName>
      <ManufactureName>לא ידוע</ManufactureName>
      <ManufactureCountry>לא ידוע</ManufactureCountry>
      <ManufactureItemDescription>ורדי אפרסק 750 מל</ManufactureItemDescription>
      <UnitQty>לא ידוע</UnitQty>
      <Quantity>1.00</Quantity>
      <UnitOfMeasure>יח'</UnitOfMeasure>
      <bIsWeighted>0</bIsWeighted>
      <QtyInPackage>לא ידוע</QtyInPackage>
      <ItemPrice>24.90</ItemPrice>
      <UnitOfMeasurePrice>24.90</UnitOfMeasurePrice>
      <AllowDiscount>1</AllowDiscount>
      <ItemStatus>2</ItemStatus>
    </Item>
    <Item>
      <PriceUpdateTime>2025-04-11T08:24:04.000</PriceUpdateTime>
      <ItemCode>8002450409206</ItemCode>
      <LastSaleDateTime>2015-01-01T00:00:00.000</LastSaleDateTime>
      <ItemType>1</ItemType>
      <ItemName>ורדי אפרסק 750 מל</ItemName>
      <ManufactureName>לא ידוע</ManufactureName>
      <ManufactureCountry>לא ידוע</ManufactureCountry>
      <ManufactureItemDescription>ורדי אפרסק 750 מל</ManufactureItemDescription>
      <UnitQty>לא ידוע</UnitQty>
      <Quantity>1.00</Quantity>
      <UnitOfMeasure>יח'</UnitOfMeasure>
      <bIsWeighted>0</bIsWeighted>
      <QtyInPackage>לא ידוע</QtyInPackage>
      <ItemPrice>24.90</ItemPrice>
      <UnitOfMeasurePrice>24.90</UnitOfMeasurePrice>
      <AllowDiscount>1</AllowDiscount>
      <ItemStatus/>
    </Item>
    <Item>
      <PriceUpdateTime>2025-04-11T08:24:04.000</PriceUpdateTime>
      <ItemCode>8002450609200</ItemCode>
      <LastSaleDateTime>2015-01-01T00:00:00.000</LastSaleDateTime>
      <ItemType>1</ItemType>
      <ItemName>ורדי רימונים כשלפ 75</ItemName>
      <ManufactureName>לא ידוע</ManufactureName>
      <ManufactureCountry>לא ידוע</ManufactureCountry>
      <ManufactureItemDescription>ורדי רימונים כשלפ 75</ManufactureItemDescription>
      <UnitQty>לא ידוע</UnitQty>
      <Quantity>1.00</Quantity>
      <UnitOfMeasure>יח'</UnitOfMeasure>
      <bIsWeighted>0</bIsWeighted>
      <QtyInPackage>לא ידוע</QtyInPackage>
      <ItemPrice>24.90</ItemPrice>
      <UnitOfMeasurePrice>24.90</UnitOfMeasurePrice>
      <AllowDiscount>1</AllowDiscount>
      <ItemStatus>2</ItemStatus>
    </Item>
    <Item>
      <PriceUpdateTime>2025-04-11T08:24:04.000</PriceUpdateTime>
      <ItemCode>8002450609200</ItemCode>
      <LastSaleDateTime>2015-01-01T00:00:00.000</LastSaleDateTime>
      <ItemType>1</ItemType>
      <ItemName>ורדי רימונים כשלפ 75</ItemName>
      <ManufactureName>לא ידוע</ManufactureName>
      <ManufactureCountry>לא ידוע</ManufactureCountry>
      <ManufactureItemDescription>ורדי רימונים כשלפ 75</ManufactureItemDescription>
      <UnitQty>לא ידוע</UnitQty>
      <Quantity>1.00</Quantity>
      <UnitOfMeasure>יח'</UnitOfMeasure>
      <bIsWeighted>0</bIsWeighted>
      <QtyInPackage>לא ידוע</QtyInPackage>
      <ItemPrice>24.90</ItemPrice>
      <UnitOfMeasurePrice>24.90</UnitOfMeasurePrice>
      <AllowDiscount>1</AllowDiscount>
      <ItemStatus/>
    </Item>
    <Item>
      <PriceUpdateTime>2025-04-11T08:24:43.000</PriceUpdateTime>
      <ItemCode>7290108271973</ItemCode>
      <LastSaleDateTime>2026-01-29T20:27:41.000</LastSaleDateTime>
      <ItemType>1</ItemType>
      <ItemName>צלחות לבנות גדולות ק</ItemName>
      <ManufactureName>חגיגית</ManufactureName>
      <ManufactureCountry>לא ידוע</ManufactureCountry>
      <ManufactureItemDescription>צלחות לבנות גדולות ק</ManufactureItemDescription>
      <UnitQty>לא ידוע</UnitQty>
      <Quantity>1.00</Quantity>
      <UnitOfMeasure>יח'</UnitOfMeasure>
      <bIsWeighted>0</bIsWeighted>
      <QtyInPackage>לא ידוע</QtyInPackage>
      <ItemPrice>21.90</ItemPrice>
      <UnitOfMeasurePrice>21.90</UnitOfMeasurePrice>
      <AllowDiscount>1</AllowDiscount>
      <ItemStatus/>
    </Item>
    <Item>
      <PriceUpdateTime>2025-04-11T08:24:43.000</PriceUpdateTime>
      <ItemCode>7290108272819</ItemCode>
      <LastSaleDateTime>2026-01-29T17:22:42.000</LastSaleDateTime>
      <ItemType>1</ItemType>
      <ItemName>מגשיות אלומניום קטנו</ItemName>
      <ManufactureName>לא ידוע</ManufactureName>
      <ManufactureCountry>לא ידוע</ManufactureCountry>
      <ManufactureItemDescription>מגשיות אלומניום קטנו</ManufactureItemDescription>
      <UnitQty>לא ידוע</UnitQty>
      <Quantity>1.00</Quantity>
      <UnitOfMeasure>יח'</UnitOfMeasure>
      <bIsWeighted>0</bIsWeighted>
      <QtyInPackage>לא ידוע</QtyInPackage>
      <ItemPrice>9.90</ItemPrice>
      <UnitOfMeasurePrice>9.90</UnitOfMeasurePrice>
      <AllowDiscount>1</AllowDiscount>
      <ItemStatus/>
    </Item>
    <Item>
      <PriceUpdateTime>2025-04-11T08:24:43.000</PriceUpdateTime>
      <ItemCode>7290108273670</ItemCode>
      <LastSaleDateTime>2026-01-29T21:49:45.000</LastSaleDateTime>
      <ItemType>1</ItemType>
      <ItemName>תבניות אלומניום ענקי</ItemName>
      <ManufactureName>רמי לוי</ManufactureName>
      <ManufactureCountry>לא ידוע</ManufactureCountry>
      <ManufactureItemDescription>תבניות אלומניום ענקי</ManufactureItemDescription>
      <UnitQty>לא ידוע</UnitQty>
      <Quantity>3.00</Quantity>
      <UnitOfMeasure>יח'</UnitOfMeasure>
      <bIsWeighted>0</bIsWeighted>
      <QtyInPackage>לא ידוע</QtyInPackage>
      <ItemPrice>7.90</ItemPrice>
      <UnitOfMeasurePrice>2.63</UnitOfMeasurePrice>
      <AllowDiscount>1</AllowDiscount>
      <ItemStatus/>
    </Item>
    <Item>
      <PriceUpdateTime>2025-04-11T08:24:45.000</PriceUpdateTime>
      <ItemCode>7290108277968</ItemCode>
      <LastSaleDateTime>2026-01-29T20:07:33.000</LastSaleDateTime>
      <ItemType>1</ItemType>
      <ItemName>מפות חתוכות שחור 1.2</ItemName>
      <ManufactureName>לא ידוע</ManufactureName>
      <ManufactureCountry>לא ידוע</ManufactureCountry>
      <ManufactureItemDescription>מפות חתוכות שחור 1.2</ManufactureItemDescription>
      <UnitQty>לא ידוע</UnitQty>
      <Quantity>1.00</Quantity>
      <UnitOfMeasure>יח'</UnitOfMeasure>
      <bIsWeighted>0</bIsWeighted>
      <QtyInPackage>לא ידוע</QtyInPackage>
      <ItemPrice>7.90</ItemPrice>
      <UnitOfMeasurePrice>7.90</UnitOfMeasurePrice>
      <AllowDiscount>1</AllowDiscount>
      <ItemStatus/>
    </Item>
    <Item>
      <PriceUpdateTime>2025-04-11T08:24:45.000</PriceUpdateTime>
      <ItemCode>7290108277739</ItemCode>
      <LastSaleDateTime>2026-01-29T16:03:06.000</LastSaleDateTime>
      <ItemType>1</ItemType>
      <ItemName>שקית זיפר 18*19 רמי</ItemName>
      <ManufactureName>לא ידוע</ManufactureName>
      <ManufactureCountry>לא ידוע</ManufactureCountry>
      <ManufactureItemDescription>שקית זיפר 18*19 רמי</ManufactureItemDescription>
      <UnitQty>לא ידוע</UnitQty>
      <Quantity>1.00</Quantity>
      <UnitOfMeasure>יח'</UnitOfMeasure>
      <bIsWeighted>0</bIsWeighted>
      <QtyInPackage>לא ידוע</QtyInPackage>
      <ItemPrice>7.90</ItemPrice>
      <UnitOfMeasurePrice>7.90</UnitOfMeasurePrice>
      <AllowDiscount>1</AllowDiscount>
      <ItemStatus/>
    </Item>
    <Item>
      <PriceUpdateTime>2025-04-11T08:24:46.000</PriceUpdateTime>
      <ItemCode>7290108359008</ItemCode>
      <LastSaleDateTime>2026-01-28T12:34:18.000</LastSaleDateTime>
      <ItemType>1</ItemType>
      <ItemName>סושי שקיות זיפר עם ס</ItemName>
      <ManufactureName>לא ידוע</ManufactureName>
      <ManufactureCountry>לא ידוע</ManufactureCountry>
      <ManufactureItemDescription>סושי שקיות זיפר עם ס</ManufactureItemDescription>
      <UnitQty>לא ידוע</UnitQty>
      <Quantity>1.00</Quantity>
      <UnitOfMeasure>יח'</UnitOfMeasure>
      <bIsWeighted>0</bIsWeighted>
      <QtyInPackage>לא ידוע</QtyInPackage>
      <ItemPrice>13.90</ItemPrice>
      <UnitOfMeasurePrice>13.90</UnitOfMeasurePrice>
      <AllowDiscount>1</AllowDiscount>
      <ItemStatus/>
    </Item>
    <Item>
      <PriceUpdateTime>2025-04-11T08:24:46.000</PriceUpdateTime>
      <ItemCode>7290108359107</ItemCode>
      <LastSaleDateTime>2026-01-29T14:22:05.000</LastSaleDateTime>
      <ItemType>1</ItemType>
      <ItemName>סנו סושי שקיות זיפר</ItemName>
      <ManufactureName>לא ידוע</ManufactureName>
      <ManufactureCountry>לא ידוע</ManufactureCountry>
      <ManufactureItemDescription>סנו סושי שקיות זיפר</ManufactureItemDescription>
      <UnitQty>לא ידוע</UnitQty>
      <Quantity>1.00</Quantity>
      <UnitOfMeasure>יח'</UnitOfMeasure>
      <bIsWeighted>0</bIsWeighted>
      <QtyInPackage>לא ידוע</QtyInPackage>
      <ItemPrice>9.90</ItemPrice>
      <UnitOfMeasurePrice>9.90</UnitOfMeasurePrice>
      <AllowDiscount>1</AllowDiscount>
      <ItemStatus/>
    </Item>
    <Item>
      <PriceUpdateTime>2025-04-11T08:24:50.000</PriceUpdateTime>
      <ItemCode>7290118070313</ItemCode>
      <LastSaleDateTime>2026-01-29T18:44:13.000</LastSaleDateTime>
      <ItemType>1</ItemType>
      <ItemName>מנגל נירוסטה גדול מת</ItemName>
      <ManufactureName>לא ידוע</ManufactureName>
      <ManufactureCountry>לא ידוע</ManufactureCountry>
      <ManufactureItemDescription>מנגל נירוסטה גדול מת</ManufactureItemDescription>
      <UnitQty>לא ידוע</UnitQty>
      <Quantity>1.00</Quantity>
      <UnitOfMeasure>יח'</UnitOfMeasure>
      <bIsWeighted>0</bIsWeighted>
      <QtyInPackage>לא ידוע</QtyInPackage>
      <ItemPrice>79.90</ItemPrice>
      <UnitOfMeasurePrice>79.90</UnitOfMeasurePrice>
      <AllowDiscount>1</AllowDiscount>
      <ItemStatus/>
    </Item>
    <Item>
      <PriceUpdateTime>2025-04-11T08:24:54.000</PriceUpdateTime>
      <ItemCode>50000051472</ItemCode>
      <LastSaleDateTime>2026-01-29T19:09:01.000</LastSaleDateTime>
      <ItemType>1</ItemType>
      <ItemName>מזון חתולים יבש פריס</ItemName>
      <ManufactureName>פריסקיז</ManufactureName>
      <ManufactureCountry>לא ידוע</ManufactureCountry>
      <ManufactureItemDescription>מזון חתולים יבש פריס</ManufactureItemDescription>
      <UnitQty>קילוגרם</UnitQty>
      <Quantity>1.40</Quantity>
      <UnitOfMeasure>ק"ג     </UnitOfMeasure>
      <bIsWeighted>0</bIsWeighted>
      <QtyInPackage>לא ידוע</QtyInPackage>
      <ItemPrice>34.90</ItemPrice>
      <UnitOfMeasurePrice>24.93</UnitOfMeasurePrice>
      <AllowDiscount>1</AllowDiscount>
      <ItemStatus/>
    </Item>
    <Item>
      <PriceUpdateTime>2025-04-11T08:25:11.000</PriceUpdateTime>
      <ItemCode>7290006784957</ItemCode>
      <LastSaleDateTime>2026-01-22T18:47:03.000</LastSaleDateTime>
      <ItemType>1</ItemType>
      <ItemName>סבון אסלה לימון שליש</ItemName>
      <ManufactureName>לא ידוע</ManufactureName>
      <ManufactureCountry>לא ידוע</ManufactureCountry>
      <ManufactureItemDescription>סבון אסלה לימון שליש</ManufactureItemDescription>
      <UnitQty>גרם</UnitQty>
      <Quantity>180.00</Quantity>
      <UnitOfMeasure>100 גרם</UnitOfMeasure>
      <bIsWeighted>0</bIsWeighted>
      <QtyInPackage>לא ידוע</QtyInPackage>
      <ItemPrice>10.90</ItemPrice>
      <UnitOfMeasurePrice>6.06</UnitOfMeasurePrice>
      <AllowDiscount>1</AllowDiscount>
      <ItemStatus/>
    </Item>
    <Item>
      <PriceUpdateTime>2025-04-11T08:25:14.000</PriceUpdateTime>
      <ItemCode>7290014397767</ItemCode>
      <LastSaleDateTime>2026-01-22T15:03:08.000</LastSaleDateTime>
      <ItemType>1</ItemType>
      <ItemName>ריצפז פרש הום כותנה</ItemName>
      <ManufactureName>סנו</ManufactureName>
      <ManufactureCountry>לא ידוע</ManufactureCountry>
      <ManufactureItemDescription>ריצפז פרש הום כותנה</ManufactureItemDescription>
      <UnitQty>ליטר</UnitQty>
      <Quantity>2.00</Quantity>
      <UnitOfMeasure>ליטר    </UnitOfMeasure>
      <bIsWeighted>0</bIsWeighted>
      <QtyInPackage>לא ידוע</QtyInPackage>
      <ItemPrice>19.70</ItemPrice>
      <UnitOfMeasurePrice>9.85</UnitOfMeasurePrice>
      <AllowDiscount>1</AllowDiscount>
      <ItemStatus/>
    </Item>
    <Item>
      <PriceUpdateTime>2025-04-11T08:25:17.000</PriceUpdateTime>
      <ItemCode>7290101863410</ItemCode>
      <LastSaleDateTime>2026-01-29T19:09:01.000</LastSaleDateTime>
      <ItemType>1</ItemType>
      <ItemName>סיליט באנג ספריי ניק</ItemName>
      <ManufactureName>RB פולין</ManufactureName>
      <ManufactureCountry>פולין</ManufactureCountry>
      <ManufactureItemDescription>CILIT,IL,BANG 12X750ML VE</ManufactureItemDescription>
      <UnitQty>לא ידוע</UnitQty>
      <Quantity>750.00</Quantity>
      <UnitOfMeasure>100 מ"ל</UnitOfMeasure>
      <bIsWeighted>0</bIsWeighted>
      <QtyInPackage>לא ידוע</QtyInPackage>
      <ItemPrice>14.50</ItemPrice>
      <UnitOfMeasurePrice>0.02</UnitOfMeasurePrice>
      <AllowDiscount>1</AllowDiscount>
      <ItemStatus/>
    </Item>
    <Item>
      <PriceUpdateTime>2025-04-11T08:25:18.000</PriceUpdateTime>
      <ItemCode>7290107280822</ItemCode>
      <LastSaleDateTime>2026-01-29T17:33:23.000</LastSaleDateTime>
      <ItemType>1</ItemType>
      <ItemName>ריצפז פרש הום ספא מר</ItemName>
      <ManufactureName>סנו</ManufactureName>
      <ManufactureCountry>לא ידוע</ManufactureCountry>
      <ManufactureItemDescription>ריצפז פרש הום ספא מר</ManufactureItemDescription>
      <UnitQty>ליטר</UnitQty>
      <Quantity>2.00</Quantity>
      <UnitOfMeasure>ליטר    </UnitOfMeasure>
      <bIsWeighted>0</bIsWeighted>
      <QtyInPackage>לא ידוע</QtyInPackage>
      <ItemPrice>19.70</ItemPrice>
      <UnitOfMeasurePrice>9.85</UnitOfMeasurePrice>
      <AllowDiscount>1</AllowDiscount>
      <ItemStatus/>
    </Item>
    <Item>
      <PriceUpdateTime>2025-04-11T08:25:19.000</PriceUpdateTime>
      <ItemCode>7290108352153</ItemCode>
      <LastSaleDateTime>2026-01-28T11:13:24.000</LastSaleDateTime>
      <ItemType>1</ItemType>
      <ItemName>סנובון נוזלי סנסוריי</ItemName>
      <ManufactureName>לא ידוע</ManufactureName>
      <ManufactureCountry>לא ידוע</ManufactureCountry>
      <ManufactureItemDescription>סנובון נוזלי סנסוריי</ManufactureItemDescription>
      <UnitQty>לא ידוע</UnitQty>
      <Quantity>1.00</Quantity>
      <UnitOfMeasure>יח'</UnitOfMeasure>
      <bIsWeighted>0</bIsWeighted>
      <QtyInPackage>לא ידוע</QtyInPackage>
      <ItemPrice>8.90</ItemPrice>
      <UnitOfMeasurePrice>8.90</UnitOfMeasurePrice>
      <AllowDiscount>1</AllowDiscount>
      <ItemStatus/>
    </Item>
    <Item>
      <PriceUpdateTime>2025-04-11T08:25:20.000</PriceUpdateTime>
      <ItemCode>7290108357370</ItemCode>
      <LastSaleDateTime>2026-01-28T09:44:13.000</LastSaleDateTime>
      <ItemType>1</ItemType>
      <ItemName>ריצפז פרש הום בניחוח</ItemName>
      <ManufactureName>לא ידוע</ManufactureName>
      <ManufactureCountry>לא ידוע</ManufactureCountry>
      <ManufactureItemDescription>ריצפז פרש הום בניחוח</ManufactureItemDescription>
      <UnitQty>ליטר</UnitQty>
      <Quantity>2.00</Quantity>
      <UnitOfMeasure>ליטר    </UnitOfMeasure>
      <bIsWeighted>0</bIsWeighted>
      <QtyInPackage>לא ידוע</QtyInPackage>
      <ItemPrice>19.70</ItemPrice>
      <UnitOfMeasurePrice>9.85</UnitOfMeasurePrice>
      <AllowDiscount>1</AllowDiscount>
      <ItemStatus/>
    </Item>
    <Item>
      <PriceUpdateTime>2025-04-11T08:25:20.000</PriceUpdateTime>
      <ItemCode>7290109923079</ItemCode>
      <LastSaleDateTime>2026-01-22T21:49:13.000</LastSaleDateTime>
      <ItemType>1</ItemType>
      <ItemName>דזיטול נוזל מרוכז לר</ItemName>
      <ManufactureName>לא ידוע</ManufactureName>
      <ManufactureCountry>לא ידוע</ManufactureCountry>
      <ManufactureItemDescription>דזיטול נוזל מרוכז לר</ManufactureItemDescription>
      <UnitQty>ליטר</UnitQty>
      <Quantity>2.00</Quantity>
      <UnitOfMeasure>ליטר    </UnitOfMeasure>
      <bIsWeighted>0</bIsWeighted>
      <QtyInPackage>לא ידוע</QtyInPackage>
      <ItemPrice>22.90</ItemPrice>
      <UnitOfMeasurePrice>11.45</UnitOfMeasurePrice>
      <AllowDiscount>1</AllowDiscount>
      <ItemStatus/>
    </Item>
    <Item>
      <PriceUpdateTime>2025-04-11T08:25:20.000</PriceUpdateTime>
      <ItemCode>7290108355994</ItemCode>
      <LastSaleDateTime>2026-01-29T20:19:53.000</LastSaleDateTime>
      <ItemType>1</ItemType>
      <ItemName>מקסימה מרכך כביסה מר</ItemName>
      <ManufactureName>לא ידוע</ManufactureName>
      <ManufactureCountry>לא ידוע</ManufactureCountry>
      <ManufactureItemDescription>מקסימה מרכך כביסה מר</ManufactureItemDescription>
      <UnitQty>ליטר</UnitQty>
      <Quantity>1.00</Quantity>
      <UnitOfMeasure>ליטר    </UnitOfMeasure>
      <bIsWeighted>0</bIsWeighted>
      <QtyInPackage>לא ידוע</QtyInPackage>
      <ItemPrice>18.80</ItemPrice>
      <UnitOfMeasurePrice>18.80</UnitOfMeasurePrice>
      <AllowDiscount>1</AllowDiscount>
      <ItemStatus/>
    </Item>
    <Item>
      <PriceUpdateTime>2025-04-11T08:25:22.000</PriceUpdateTime>
      <ItemCode>7290111995002</ItemCode>
      <LastSaleDateTime>2026-01-22T21:24:41.000</LastSaleDateTime>
      <ItemType>1</ItemType>
      <ItemName>שאגי 170*133 אפור</ItemName>
      <ManufactureName>לא ידוע</ManufactureName>
      <ManufactureCountry>לא ידוע</ManufactureCountry>
      <ManufactureItemDescription>שאגי 170*133 אפור</ManufactureItemDescription>
      <UnitQty>לא ידוע</UnitQty>
      <Quantity>1.00</Quantity>
      <UnitOfMeasure>יח'</UnitOfMeasure>
      <bIsWeighted>0</bIsWeighted>
      <QtyInPackage>לא ידוע</QtyInPackage>
      <ItemPrice>199.00</ItemPrice>
      <UnitOfMeasurePrice>199.00</UnitOfMeasurePrice>
      <AllowDiscount>1</AllowDiscount>
      <ItemStatus/>
    </Item>
    <Item>
      <PriceUpdateTime>2025-04-11T08:25:24.000</PriceUpdateTime>
      <ItemCode>7290112005045</ItemCode>
      <LastSaleDateTime>2026-01-28T09:44:13.000</LastSaleDateTime>
      <ItemType>1</ItemType>
      <ItemName>וניש אבקה לכביסה לבנ</ItemName>
      <ManufactureName>לא ידוע</ManufactureName>
      <ManufactureCountry>לא ידוע</ManufactureCountry>
      <ManufactureItemDescription>וניש אבקה לכביסה לבנ</ManufactureItemDescription>
      <UnitQty>גרם</UnitQty>
      <Quantity>480.00</Quantity>
      <UnitOfMeasure>100 גרם</UnitOfMeasure>
      <bIsWeighted>0</bIsWeighted>
      <QtyInPackage>לא ידוע</QtyInPackage>
      <ItemPrice>16.90</ItemPrice>
      <UnitOfMeasurePrice>3.52</UnitOfMeasurePrice>
      <AllowDiscount>1</AllowDiscount>
      <ItemStatus/>
    </Item>
    <Item>
      <PriceUpdateTime>2025-04-11T08:25:27.000</PriceUpdateTime>
      <ItemCode>7290113470941</ItemCode>
      <LastSaleDateTime>2026-01-29T17:41:48.000</LastSaleDateTime>
      <ItemType>1</ItemType>
      <ItemName>כפפות ניטרל S שחור(1</ItemName>
      <ManufactureName>לא ידוע</ManufactureName>
      <ManufactureCountry>לא ידוע</ManufactureCountry>
      <ManufactureItemDescription>כפפות ניטרל S שחור(1</ManufactureItemDescription>
      <UnitQty>לא ידוע</UnitQty>
      <Quantity>1.00</Quantity>
      <UnitOfMeasure>יח'</UnitOfMeasure>
      <bIsWeighted>0</bIsWeighted>
      <QtyInPackage>לא ידוע</QtyInPackage>
      <ItemPrice>19.90</ItemPrice>
      <UnitOfMeasurePrice>19.90</UnitOfMeasurePrice>
      <AllowDiscount>1</AllowDiscount>
      <ItemStatus/>
    </Item>
    <Item>
      <PriceUpdateTime>2025-04-11T08:25:27.000</PriceUpdateTime>
      <ItemCode>7290113470958</ItemCode>
      <LastSaleDateTime>2026-01-29T19:22:17.000</LastSaleDateTime>
      <ItemType>1</ItemType>
      <ItemName>כפפות ניטרל M שחור(1</ItemName>
      <ManufactureName>לא ידוע</ManufactureName>
      <ManufactureCountry>לא ידוע</ManufactureCountry>
      <ManufactureItemDescription>כפפות ניטרל M שחור(1</ManufactureItemDescription>
      <UnitQty>לא ידוע</UnitQty>
      <Quantity>1.00</Quantity>
      <UnitOfMeasure>יח'</UnitOfMeasure>
      <bIsWeighted>0</bIsWeighted>
      <QtyInPackage>לא ידוע</QtyInPackage>
      <ItemPrice>19.90</ItemPrice>
      <UnitOfMeasurePrice>19.90</UnitOfMeasurePrice>
      <AllowDiscount>1</AllowDiscount>
      <ItemStatus/>
    </Item>
    <Item>
      <PriceUpdateTime>2025-04-11T08:25:27.000</PriceUpdateTime>
      <ItemCode>7290116536323</ItemCode>
      <LastSaleDateTime>2026-01-29T21:28:25.000</LastSaleDateTime>
      <ItemType>1</ItemType>
      <ItemName>בדין אקסטרא פלוס צהו</ItemName>
      <ManufactureName>לא ידוע</ManufactureName>
      <ManufactureCountry>לא ידוע</ManufactureCountry>
      <ManufactureItemDescription>בדין אקסטרא פלוס צהו</ManufactureItemDescription>
      <UnitQty>מטרים</UnitQty>
      <Quantity>960.00</Quantity>
      <UnitOfMeasure>100 מ'ל</UnitOfMeasure>
      <bIsWeighted>0</bIsWeighted>
      <QtyInPackage>לא ידוע</QtyInPackage>
      <ItemPrice>15.90</ItemPrice>
      <UnitOfMeasurePrice>0.02</UnitOfMeasurePrice>
      <AllowDiscount>1</AllowDiscount>
      <ItemStatus/>
    </Item>
    <Item>
      <PriceUpdateTime>2025-04-11T08:25:28.000</PriceUpdateTime>
      <ItemCode>7296168001055</ItemCode>
      <LastSaleDateTime>2026-01-29T21:33:31.000</LastSaleDateTime>
      <ItemType>1</ItemType>
      <ItemName>אגד אלסטי מתמתח 5 ס"</ItemName>
      <ManufactureName>איתן</ManufactureName>
      <ManufactureCountry>לא ידוע</ManufactureCountry>
      <ManufactureItemDescription>אגד אלסטי מתמתח 5 ס"</ManufactureItemDescription>
      <UnitQty>לא ידוע</UnitQty>
      <Quantity>1.00</Quantity>
      <UnitOfMeasure>יח'</UnitOfMeasure>
      <bIsWeighted>0</bIsWeighted>
      <QtyInPackage>לא ידוע</QtyInPackage>
      <ItemPrice>4.90</ItemPrice>
      <UnitOfMeasurePrice>4.90</UnitOfMeasurePrice>
      <AllowDiscount>1</AllowDiscount>
      <ItemStatus/>
    </Item>
    <Item>
      <PriceUpdateTime>2025-04-11T08:25:46.000</PriceUpdateTime>
      <ItemCode>3600541382930</ItemCode>
      <LastSaleDateTime>2026-01-28T09:44:13.000</LastSaleDateTime>
      <ItemType>1</ItemType>
      <ItemName>גרנייה מי מיסלר הכול</ItemName>
      <ManufactureName>לא ידוע</ManufactureName>
      <ManufactureCountry>לא ידוע</ManufactureCountry>
      <ManufactureItemDescription>גרנייה מי מיסלר הכול</ManufactureItemDescription>
      <UnitQty>לא ידוע</UnitQty>
      <Quantity>400.00</Quantity>
      <UnitOfMeasure>100 מ"ל</UnitOfMeasure>
      <bIsWeighted>0</bIsWeighted>
      <QtyInPackage>לא ידוע</QtyInPackage>
      <ItemPrice>29.90</ItemPrice>
      <UnitOfMeasurePrice>0.07</UnitOfMeasurePrice>
      <AllowDiscount>1</AllowDiscount>
      <ItemStatus/>
    </Item>
    <Item>
      <PriceUpdateTime>2025-04-11T08:25:47.000</PriceUpdateTime>
      <ItemCode>3600542432085</ItemCode>
      <LastSaleDateTime>2026-01-28T16:40:13.000</LastSaleDateTime>
      <ItemType>1</ItemType>
      <ItemName>קולור נטורלס גוון 4.</ItemName>
      <ManufactureName>לא ידוע</ManufactureName>
      <ManufactureCountry>לא ידוע</ManufactureCountry>
      <ManufactureItemDescription>קולור נטורלס גוון 4.</ManufactureItemDescription>
      <UnitQty>לא ידוע</UnitQty>
      <Quantity>1.00</Quantity>
      <UnitOfMeasure>יח'</UnitOfMeasure>
      <bIsWeighted>0</bIsWeighted>
      <QtyInPackage>לא ידוע</QtyInPackage>
      <ItemPrice>19.90</ItemPrice>
      <UnitOfMeasurePrice>19.90</UnitOfMeasurePrice>
      <AllowDiscount>1</AllowDiscount>
      <ItemStatus/>
    </Item>
    <Item>
      <PriceUpdateTime>2025-04-11T08:25:47.000</PriceUpdateTime>
      <ItemCode>3838824127149</ItemCode>
      <LastSaleDateTime>2026-01-29T14:22:10.000</LastSaleDateTime>
      <ItemType>1</ItemType>
      <ItemName>צבעי שיער "פלטה"</ItemName>
      <ManufactureName>הנקל</ManufactureName>
      <ManufactureCountry>לא ידוע</ManufactureCountry>
      <ManufactureItemDescription>צבעי שיער "פלטה"</ManufactureItemDescription>
      <UnitQty>לא ידוע</UnitQty>
      <Quantity>1.00</Quantity>
      <UnitOfMeasure>יח'</UnitOfMeasure>
      <bIsWeighted>0</bIsWeighted>
      <QtyInPackage>לא ידוע</QtyInPackage>
      <ItemPrice>19.90</ItemPrice>
      <UnitOfMeasurePrice>19.90</UnitOfMeasurePrice>
      <AllowDiscount>1</AllowDiscount>
      <ItemStatus/>
    </Item>
    <Item>
      <PriceUpdateTime>2025-04-11T08:25:47.000</PriceUpdateTime>
      <ItemCode>3838824127200</ItemCode>
      <LastSaleDateTime>2026-01-22T18:11:18.000</LastSaleDateTime>
      <ItemType>1</ItemType>
      <ItemName>צבעי שיער "פלטה"</ItemName>
      <ManufactureName>הנקל</ManufactureName>
      <ManufactureCountry>לא ידוע</ManufactureCountry>
      <ManufactureItemDescription>צבעי שיער "פלטה"</ManufactureItemDescription>
      <UnitQty>לא ידוע</UnitQty>
      <Quantity>1.00</Quantity>
      <UnitOfMeasure>יח'</UnitOfMeasure>
      <bIsWeighted>0</bIsWeighted>
      <QtyInPackage>לא ידוע</QtyInPackage>
      <ItemPrice>19.90</ItemPrice>
      <UnitOfMeasurePrice>19.90</UnitOfMeasurePrice>
      <AllowDiscount>1</AllowDiscount>
      <ItemStatus/>
    </Item>
    <Item>
      <PriceUpdateTime>2025-04-11T08:25:47.000</PriceUpdateTime>
      <ItemCode>3838824127309</ItemCode>
      <LastSaleDateTime>2026-01-22T11:50:06.000</LastSaleDateTime>
      <ItemType>1</ItemType>
      <ItemName>צבעי שיער "פלטה"</ItemName>
      <ManufactureName>הנקל</ManufactureName>
      <ManufactureCountry>לא ידוע</ManufactureCountry>
      <ManufactureItemDescription>צבעי שיער "פלטה"</ManufactureItemDescription>
      <UnitQty>לא ידוע</UnitQty>
      <Quantity>1.00</Quantity>
      <UnitOfMeasure>יח'</UnitOfMeasure>
      <bIsWeighted>0</bIsWeighted>
      <QtyInPackage>לא ידוע</QtyInPackage>
      <ItemPrice>19.90</ItemPrice>
      <UnitOfMeasurePrice>19.90</UnitOfMeasurePrice>
      <AllowDiscount>1</AllowDiscount>
      <ItemStatus/>
    </Item>
    <Item>
      <PriceUpdateTime>2025-04-11T08:25:47.000</PriceUpdateTime>
      <ItemCode>3838824171289</ItemCode>
      <LastSaleDateTime>2026-01-29T18:10:18.000</LastSaleDateTime>
      <ItemType>1</ItemType>
      <ItemName>פאלטה נטורלס קולור ל</ItemName>
      <ManufactureName>לא ידוע</ManufactureName>
      <ManufactureCountry>לא ידוע</ManufactureCountry>
      <ManufactureItemDescription>פאלטה נטורלס קולור ל</ManufactureItemDescription>
      <UnitQty>לא ידוע</UnitQty>
      <Quantity>1.00</Quantity>
      <UnitOfMeasure>יח'</UnitOfMeasure>
      <bIsWeighted>0</bIsWeighted>
      <QtyInPackage>לא ידוע</QtyInPackage>
      <ItemPrice>24.90</ItemPrice>
      <UnitOfMeasurePrice>24.90</UnitOfMeasurePrice>
      <AllowDiscount>1</AllowDiscount>
      <ItemStatus/>
    </Item>
    <Item>
      <PriceUpdateTime>2025-04-11T08:25:48.000</PriceUpdateTime>
      <ItemCode>3838824193915</ItemCode>
      <LastSaleDateTime>2026-01-29T20:54:14.000</LastSaleDateTime>
      <ItemType>1</ItemType>
      <ItemName>צבע שיער פאלטה סמי ק</ItemName>
      <ManufactureName>שוורצקוף</ManufactureName>
      <ManufactureCountry>לא ידוע</ManufactureCountry>
      <ManufactureItemDescription>צבע שיער פאלטה סמי ק</ManufactureItemDescription>
      <UnitQty>לא ידוע</UnitQty>
      <Quantity>1.00</Quantity>
      <UnitOfMeasure>יח'</UnitOfMeasure>
      <bIsWeighted>0</bIsWeighted>
      <QtyInPackage>לא ידוע</QtyInPackage>
      <ItemPrice>19.90</ItemPrice>
      <UnitOfMeasurePrice>19.90</UnitOfMeasurePrice>
      <AllowDiscount>1</AllowDiscount>
      <ItemStatus/>
    </Item>
    <Item>
      <PriceUpdateTime>2025-04-11T08:25:48.000</PriceUpdateTime>
      <ItemCode>3838824240275</ItemCode>
      <LastSaleDateTime>2026-01-22T10:28:51.000</LastSaleDateTime>
      <ItemType>1</ItemType>
      <ItemName>צבעי שיער "פלטה"</ItemName>
      <ManufactureName>הנקל</ManufactureName>
      <ManufactureCountry>לא ידוע</ManufactureCountry>
      <ManufactureItemDescription>צבעי שיער "פלטה"</ManufactureItemDescription>
      <UnitQty>לא ידוע</UnitQty>
      <Quantity>1.00</Quantity>
      <UnitOfMeasure>יח'</UnitOfMeasure>
      <bIsWeighted>0</bIsWeighted>
      <QtyInPackage>לא ידוע</QtyInPackage>
      <ItemPrice>19.90</ItemPrice>
      <UnitOfMeasurePrice>19.90</UnitOfMeasurePrice>
      <AllowDiscount>1</AllowDiscount>
      <ItemStatus/>
    </Item>
    <Item>
      <PriceUpdateTime>2025-04-11T08:25:48.000</PriceUpdateTime>
      <ItemCode>3838824276007</ItemCode>
      <LastSaleDateTime>2026-01-22T09:24:00.000</LastSaleDateTime>
      <ItemType>1</ItemType>
      <ItemName>צבעי שיער "פלטה"</ItemName>
      <ManufactureName>הנקל</ManufactureName>
      <ManufactureCountry>לא ידוע</ManufactureCountry>
      <ManufactureItemDescription>צבעי שיער "פלטה"</ManufactureItemDescription>
      <UnitQty>לא ידוע</UnitQty>
      <Quantity>1.00</Quantity>
      <UnitOfMeasure>יח'</UnitOfMeasure>
      <bIsWeighted>0</bIsWeighted>
      <QtyInPackage>לא ידוע</QtyInPackage>
      <ItemPrice>19.90</ItemPrice>
      <UnitOfMeasurePrice>19.90</UnitOfMeasurePrice>
      <AllowDiscount>1</AllowDiscount>
      <ItemStatus/>
    </Item>
    <Item>
      <PriceUpdateTime>2025-04-11T08:25:48.000</PriceUpdateTime>
      <ItemCode>3838824380988</ItemCode>
      <LastSaleDateTime>2026-01-28T10:24:12.000</LastSaleDateTime>
      <ItemType>1</ItemType>
      <ItemName>פלאטה סמי קיט 12-21</ItemName>
      <ManufactureName>לא ידוע</ManufactureName>
      <ManufactureCountry>לא ידוע</ManufactureCountry>
      <ManufactureItemDescription>פלאטה סמי קיט 12-21</ManufactureItemDescription>
      <UnitQty>לא ידוע</UnitQty>
      <Quantity>110.00</Quantity>
      <UnitOfMeasure>100 מ"ל</UnitOfMeasure>
      <bIsWeighted>0</bIsWeighted>
      <QtyInPackage>לא ידוע</QtyInPackage>
      <ItemPrice>19.90</ItemPrice>
      <UnitOfMeasurePrice>0.18</UnitOfMeasurePrice>
      <AllowDiscount>1</AllowDiscount>
      <ItemStatus/>
    </Item>
    <Item>
      <PriceUpdateTime>2025-04-11T08:25:52.000</PriceUpdateTime>
      <ItemCode>7290000193649</ItemCode>
      <LastSaleDateTime>2026-01-29T18:03:51.000</LastSaleDateTime>
      <ItemType>1</ItemType>
      <ItemName>תחבושות עם כנפיים נו</ItemName>
      <ManufactureName>לילי</ManufactureName>
      <ManufactureCountry>לא ידוע</ManufactureCountry>
      <ManufactureItemDescription>תחבושות עם כנפיים נו</ManufactureItemDescription>
      <UnitQty>לא ידוע</UnitQty>
      <Quantity>24.00</Quantity>
      <UnitOfMeasure>יח'</UnitOfMeasure>
      <bIsWeighted>0</bIsWeighted>
      <QtyInPackage>לא ידוע</QtyInPackage>
      <ItemPrice>15.90</ItemPrice>
      <UnitOfMeasurePrice>0.66</UnitOfMeasurePrice>
      <AllowDiscount>1</AllowDiscount>
      <ItemStatus/>
    </Item>
    <Item>
      <PriceUpdateTime>2025-04-11T08:25:52.000</PriceUpdateTime>
      <ItemCode>7290000194288</ItemCode>
      <LastSaleDateTime>2026-01-22T12:50:59.000</LastSaleDateTime>
      <ItemType>1</ItemType>
      <ItemName>משטח החתלה האגיס 10</ItemName>
      <ManufactureName>האגיס</ManufactureName>
      <ManufactureCountry>לא ידוע</ManufactureCountry>
      <ManufactureItemDescription>משטח החתלה האגיס 10</ManufactureItemDescription>
      <UnitQty>לא ידוע</UnitQty>
      <Quantity>10.00</Quantity>
      <UnitOfMeasure>יח'</UnitOfMeasure>
      <bIsWeighted>0</bIsWeighted>
      <QtyInPackage>לא ידוע</QtyInPackage>
      <ItemPrice>19.90</ItemPrice>
      <UnitOfMeasurePrice>1.99</UnitOfMeasurePrice>
      <AllowDiscount>1</AllowDiscount>
      <ItemStatus/>
    </Item>
    <Item>
      <PriceUpdateTime>2025-04-11T08:25:52.000</PriceUpdateTime>
      <ItemCode>7290000195773</ItemCode>
      <LastSaleDateTime>2026-01-29T22:52:38.000</LastSaleDateTime>
      <ItemType>1</ItemType>
      <ItemName>מגבונים האגיס רביעיי</ItemName>
      <ManufactureName>האגיס</ManufactureName>
      <ManufactureCountry>לא ידוע</ManufactureCountry>
      <ManufactureItemDescription>מגבונים האגיס רביעיי</ManufactureItemDescription>
      <UnitQty>יחידות</UnitQty>
      <Quantity>224.00</Quantity>
      <UnitOfMeasure>יחידה   </UnitOfMeasure>
      <bIsWeighted>0</bIsWeighted>
      <QtyInPackage>לא ידוע</QtyInPackage>
      <ItemPrice>19.70</ItemPrice>
      <UnitOfMeasurePrice>0.09</UnitOfMeasurePrice>
      <AllowDiscount>1</AllowDiscount>
      <ItemStatus/>
    </Item>
    <Item>
      <PriceUpdateTime>2025-04-11T08:25:52.000</PriceUpdateTime>
      <ItemCode>7038516140418</ItemCode>
      <LastSaleDateTime>2026-01-29T13:42:22.000</LastSaleDateTime>
      <ItemType>1</ItemType>
      <ItemName>ג'ורדן מברשת טוטאל ק</ItemName>
      <ManufactureName>JORDAN</ManufactureName>
      <ManufactureCountry>מלזיה</ManufactureCountry>
      <ManufactureItemDescription>ג'ורדן מברשת טוטאל קלין מ</ManufactureItemDescription>
      <UnitQty>לא ידוע</UnitQty>
      <Quantity>1.00</Quantity>
      <UnitOfMeasure>יח'</UnitOfMeasure>
      <bIsWeighted>0</bIsWeighted>
      <QtyInPackage>לא ידוע</QtyInPackage>
      <ItemPrice>14.90</ItemPrice>
      <UnitOfMeasurePrice>14.90</UnitOfMeasurePrice>
      <AllowDiscount>1</AllowDiscount>
      <ItemStatus/>
    </Item>
    <Item>
      <PriceUpdateTime>2025-04-11T08:25:55.000</PriceUpdateTime>
      <ItemCode>7290006789655</ItemCode>
      <LastSaleDateTime>2026-01-29T14:22:10.000</LastSaleDateTime>
      <ItemType>1</ItemType>
      <ItemName>קרם לחות לסירוק קל ל</ItemName>
      <ManufactureName>קרליין</ManufactureName>
      <ManufactureCountry>לא ידוע</ManufactureCountry>
      <ManufactureItemDescription>קרם לחות לסירוק קל ל</ManufactureItemDescription>
      <UnitQty>לא ידוע</UnitQty>
      <Quantity>400.00</Quantity>
      <UnitOfMeasure>100 מ"ל</UnitOfMeasure>
      <bIsWeighted>0</bIsWeighted>
      <QtyInPackage>לא ידוע</QtyInPackage>
      <ItemPrice>16.90</ItemPrice>
      <UnitOfMeasurePrice>0.04</UnitOfMeasurePrice>
      <AllowDiscount>1</AllowDiscount>
      <ItemStatus/>
    </Item>
    <Item>
      <PriceUpdateTime>2025-04-11T08:25:57.000</PriceUpdateTime>
      <ItemCode>7290011765422</ItemCode>
      <LastSaleDateTime>2026-01-29T14:39:17.000</LastSaleDateTime>
      <ItemType>1</ItemType>
      <ItemName>בוב ספוג אל סבון קמו</ItemName>
      <ManufactureName>כיף</ManufactureName>
      <ManufactureCountry>לא ידוע</ManufactureCountry>
      <ManufactureItemDescription>בוב ספוג אל סבון קמו</ManufactureItemDescription>
      <UnitQty>לא ידוע</UnitQty>
      <Quantity>750.00</Quantity>
      <UnitOfMeasure>100 מ"ל</UnitOfMeasure>
      <bIsWeighted>0</bIsWeighted>
      <QtyInPackage>לא ידוע</QtyInPackage>
      <ItemPrice>9.90</ItemPrice>
      <UnitOfMeasurePrice>0.01</UnitOfMeasurePrice>
      <AllowDiscount>1</AllowDiscount>
      <ItemStatus/>
    </Item>
    <Item>
      <PriceUpdateTime>2025-04-11T08:25:58.000</PriceUpdateTime>
      <ItemCode>7290014901247</ItemCode>
      <LastSaleDateTime>2026-01-29T09:33:43.000</LastSaleDateTime>
      <ItemType>1</ItemType>
      <ItemName>שמפו קרטין לאחר החלק</ItemName>
      <ManufactureName>סטייל</ManufactureName>
      <ManufactureCountry>ישראל</ManufactureCountry>
      <ManufactureItemDescription>750 שמפו קרטין</ManufactureItemDescription>
      <UnitQty>לא ידוע</UnitQty>
      <Quantity>750.00</Quantity>
      <UnitOfMeasure>100 מ"ל</UnitOfMeasure>
      <bIsWeighted>0</bIsWeighted>
      <QtyInPackage>לא ידוע</QtyInPackage>
      <ItemPrice>21.90</ItemPrice>
      <UnitOfMeasurePrice>0.03</UnitOfMeasurePrice>
      <AllowDiscount>1</AllowDiscount>
      <ItemStatus/>
    </Item>
    <Item>
      <PriceUpdateTime>2025-04-11T08:26:05.000</PriceUpdateTime>
      <ItemCode>7290104960246</ItemCode>
      <LastSaleDateTime>2026-01-29T19:49:26.000</LastSaleDateTime>
      <ItemType>1</ItemType>
      <ItemName>נקה 7 תחליב רחצה ארו</ItemName>
      <ManufactureName>נקה 7</ManufactureName>
      <ManufactureCountry>לא ידוע</ManufactureCountry>
      <ManufactureItemDescription>נקה 7 תחליב רחצה ארו</ManufactureItemDescription>
      <UnitQty>לא ידוע</UnitQty>
      <Quantity>750.00</Quantity>
      <UnitOfMeasure>100 מ"ל</UnitOfMeasure>
      <bIsWeighted>0</bIsWeighted>
      <QtyInPackage>לא ידוע</QtyInPackage>
      <ItemPrice>9.90</ItemPrice>
      <UnitOfMeasurePrice>0.01</UnitOfMeasurePrice>
      <AllowDiscount>1</AllowDiscount>
      <ItemStatus/>
    </Item>
    <Item>
      <PriceUpdateTime>2025-04-11T08:26:05.000</PriceUpdateTime>
      <ItemCode>7290104960352</ItemCode>
      <LastSaleDateTime>2026-01-29T22:52:38.000</LastSaleDateTime>
      <ItemType>1</ItemType>
      <ItemName>נקה 7 תחליב רחצה וני</ItemName>
      <ManufactureName>נקה 7</ManufactureName>
      <ManufactureCountry>לא ידוע</ManufactureCountry>
      <ManufactureItemDescription>נקה 7 תחליב רחצה וני</ManufactureItemDescription>
      <UnitQty>לא ידוע</UnitQty>
      <Quantity>750.00</Quantity>
      <UnitOfMeasure>100 מ"ל</UnitOfMeasure>
      <bIsWeighted>0</bIsWeighted>
      <QtyInPackage>לא ידוע</QtyInPackage>
      <ItemPrice>9.90</ItemPrice>
      <UnitOfMeasurePrice>0.01</UnitOfMeasurePrice>
      <AllowDiscount>1</AllowDiscount>
      <ItemStatus/>
    </Item>
    <Item>
      <PriceUpdateTime>2025-04-11T08:26:08.000</PriceUpdateTime>
      <ItemCode>7290108353990</ItemCode>
      <LastSaleDateTime>2026-01-29T14:51:11.000</LastSaleDateTime>
      <ItemType>1</ItemType>
      <ItemName>קרם גוף מאסק קרמה 50</ItemName>
      <ManufactureName>לא ידוע</ManufactureName>
      <ManufactureCountry>לא ידוע</ManufactureCountry>
      <ManufactureItemDescription>קרם גוף מאסק קרמה 50</ManufactureItemDescription>
      <UnitQty>לא ידוע</UnitQty>
      <Quantity>500.00</Quantity>
      <UnitOfMeasure>100 מ"ל</UnitOfMeasure>
      <bIsWeighted>0</bIsWeighted>
      <QtyInPackage>לא ידוע</QtyInPackage>
      <ItemPrice>21.90</ItemPrice>
      <UnitOfMeasurePrice>0.04</UnitOfMeasurePrice>
      <AllowDiscount>1</AllowDiscount>
      <ItemStatus/>
    </Item>
    <Item>
      <PriceUpdateTime>2025-04-11T08:26:08.000</PriceUpdateTime>
      <ItemCode>7290108354430</ItemCode>
      <LastSaleDateTime>2026-01-22T10:28:51.000</LastSaleDateTime>
      <ItemType>1</ItemType>
      <ItemName>כיף שמפו לשיער שמן ק</ItemName>
      <ManufactureName>לא ידוע</ManufactureName>
      <ManufactureCountry>לא ידוע</ManufactureCountry>
      <ManufactureItemDescription>כיף שמפו לשיער שמן ק</ManufactureItemDescription>
      <UnitQty>לא ידוע</UnitQty>
      <Quantity>700.00</Quantity>
      <UnitOfMeasure>100 מ"ל</UnitOfMeasure>
      <bIsWeighted>0</bIsWeighted>
      <QtyInPackage>לא ידוע</QtyInPackage>
      <ItemPrice>9.90</ItemPrice>
      <UnitOfMeasurePrice>0.01</UnitOfMeasurePrice>
      <AllowDiscount>1</AllowDiscount>
      <ItemStatus/>
    </Item>
    <Item>
      <PriceUpdateTime>2025-04-11T08:26:10.000</PriceUpdateTime>
      <ItemCode>7290111344503</ItemCode>
      <LastSaleDateTime>2026-01-29T20:51:31.000</LastSaleDateTime>
      <ItemType>1</ItemType>
      <ItemName>האגיס אקסטרה קייר מי</ItemName>
      <ManufactureName>לא ידוע</ManufactureName>
      <ManufactureCountry>לא ידוע</ManufactureCountry>
      <ManufactureItemDescription>האגיס אקסטרה קייר מי</ManufactureItemDescription>
      <UnitQty>לא ידוע</UnitQty>
      <Quantity>32.00</Quantity>
      <UnitOfMeasure>יח'</UnitOfMeasure>
      <bIsWeighted>0</bIsWeighted>
      <QtyInPackage>לא ידוע</QtyInPackage>
      <ItemPrice>46.90</ItemPrice>
      <UnitOfMeasurePrice>1.47</UnitOfMeasurePrice>
      <AllowDiscount>1</AllowDiscount>
      <ItemStatus/>
    </Item>
    <Item>
      <PriceUpdateTime>2025-04-11T08:26:11.000</PriceUpdateTime>
      <ItemCode>7290112492746</ItemCode>
      <LastSaleDateTime>2026-01-29T19:15:11.000</LastSaleDateTime>
      <ItemType>1</ItemType>
      <ItemName>פינוק מרכך לסירוק קל</ItemName>
      <ManufactureName>לא ידוע</ManufactureName>
      <ManufactureCountry>לא ידוע</ManufactureCountry>
      <ManufactureItemDescription>פינוק מרכך לסירוק קל</ManufactureItemDescription>
      <UnitQty>לא ידוע</UnitQty>
      <Quantity>750.00</Quantity>
      <UnitOfMeasure>100 מ"ל</UnitOfMeasure>
      <bIsWeighted>0</bIsWeighted>
      <QtyInPackage>לא ידוע</QtyInPackage>
      <ItemPrice>13.90</ItemPrice>
      <UnitOfMeasurePrice>0.02</UnitOfMeasurePrice>
      <AllowDiscount>1</AllowDiscount>
      <ItemStatus/>
    </Item>
    <Item>
      <PriceUpdateTime>2025-04-11T08:26:13.000</PriceUpdateTime>
      <ItemCode>7290117381533</ItemCode>
      <LastSaleDateTime>2026-01-29T13:42:22.000</LastSaleDateTime>
      <ItemType>1</ItemType>
      <ItemName>קולגייט מברשת ילדים</ItemName>
      <ManufactureName>לא ידוע</ManufactureName>
      <ManufactureCountry>לא ידוע</ManufactureCountry>
      <ManufactureItemDescription>קולגייט מברשת ילדים</ManufactureItemDescription>
      <UnitQty>לא ידוע</UnitQty>
      <Quantity>1.00</Quantity>
      <UnitOfMeasure>יח'</UnitOfMeasure>
      <bIsWeighted>0</bIsWeighted>
      <QtyInPackage>לא ידוע</QtyInPackage>
      <ItemPrice>9.90</ItemPrice>
      <UnitOfMeasurePrice>9.90</UnitOfMeasurePrice>
      <AllowDiscount>1</AllowDiscount>
      <ItemStatus/>
    </Item>
    <Item>
      <PriceUpdateTime>2025-04-11T08:26:16.000</PriceUpdateTime>
      <ItemCode>8006540544068</ItemCode>
      <LastSaleDateTime>2026-01-29T22:27:17.000</LastSaleDateTime>
      <ItemType>1</ItemType>
      <ItemName>דאודורנט קליר ג'ילט</ItemName>
      <ManufactureName>לא ידוע</ManufactureName>
      <ManufactureCountry>לא ידוע</ManufactureCountry>
      <ManufactureItemDescription>דאודורנט קליר ג'ילט</ManufactureItemDescription>
      <UnitQty>לא ידוע</UnitQty>
      <Quantity>70.00</Quantity>
      <UnitOfMeasure>100 מ"ל</UnitOfMeasure>
      <bIsWeighted>0</bIsWeighted>
      <QtyInPackage>לא ידוע</QtyInPackage>
      <ItemPrice>14.90</ItemPrice>
      <UnitOfMeasurePrice>0.21</UnitOfMeasurePrice>
      <AllowDiscount>1</AllowDiscount>
      <ItemStatus/>
    </Item>
    <Item>
      <PriceUpdateTime>2025-04-11T08:26:16.000</PriceUpdateTime>
      <ItemCode>8006540544143</ItemCode>
      <LastSaleDateTime>2026-01-22T15:38:44.000</LastSaleDateTime>
      <ItemType>1</ItemType>
      <ItemName>דאודורנט קליר ג'ילט</ItemName>
      <ManufactureName>לא ידוע</ManufactureName>
      <ManufactureCountry>לא ידוע</ManufactureCountry>
      <ManufactureItemDescription>דאודורנט קליר ג'ילט</ManufactureItemDescription>
      <UnitQty>לא ידוע</UnitQty>
      <Quantity>70.00</Quantity>
      <UnitOfMeasure>100 מ"ל</UnitOfMeasure>
      <bIsWeighted>0</bIsWeighted>
      <QtyInPackage>לא ידוע</QtyInPackage>
      <ItemPrice>14.90</ItemPrice>
      <UnitOfMeasurePrice>0.21</UnitOfMeasurePrice>
      <AllowDiscount>1</AllowDiscount>
      <ItemStatus/>
    </Item>
    <Item>
      <PriceUpdateTime>2025-04-11T08:26:20.000</PriceUpdateTime>
      <ItemCode>8717163714850</ItemCode>
      <LastSaleDateTime>2026-01-22T18:10:06.000</LastSaleDateTime>
      <ItemType>1</ItemType>
      <ItemName>דאב ספריי קוקוס 150</ItemName>
      <ManufactureName>לא ידוע</ManufactureName>
      <ManufactureCountry>לא ידוע</ManufactureCountry>
      <ManufactureItemDescription>דאב ספריי קוקוס 150</ManufactureItemDescription>
      <UnitQty>לא ידוע</UnitQty>
      <Quantity>150.00</Quantity>
      <UnitOfMeasure>100 מ"ל</UnitOfMeasure>
      <bIsWeighted>0</bIsWeighted>
      <QtyInPackage>לא ידוע</QtyInPackage>
      <ItemPrice>14.90</ItemPrice>
      <UnitOfMeasurePrice>0.10</UnitOfMeasurePrice>
      <AllowDiscount>1</AllowDiscount>
      <ItemStatus/>
    </Item>
    <Item>
      <PriceUpdateTime>2025-04-11T08:26:21.000</PriceUpdateTime>
      <ItemCode>8718951452572</ItemCode>
      <LastSaleDateTime>2026-01-22T16:59:22.000</LastSaleDateTime>
      <ItemType>1</ItemType>
      <ItemName>פלמוליב לגבר ג'ל רחצ</ItemName>
      <ManufactureName>לא ידוע</ManufactureName>
      <ManufactureCountry>לא ידוע</ManufactureCountry>
      <ManufactureItemDescription>פלמוליב לגבר ג'ל רחצ</ManufactureItemDescription>
      <UnitQty>לא ידוע</UnitQty>
      <Quantity>750.00</Quantity>
      <UnitOfMeasure>100 מ"ל</UnitOfMeasure>
      <bIsWeighted>0</bIsWeighted>
      <QtyInPackage>לא ידוע</QtyInPackage>
      <ItemPrice>19.50</ItemPrice>
      <UnitOfMeasurePrice>0.03</UnitOfMeasurePrice>
      <AllowDiscount>1</AllowDiscount>
      <ItemStatus/>
    </Item>
    <Item>
      <PriceUpdateTime>2025-04-11T08:26:22.000</PriceUpdateTime>
      <ItemCode>8720181183782</ItemCode>
      <LastSaleDateTime>2026-01-29T19:49:26.000</LastSaleDateTime>
      <ItemType>1</ItemType>
      <ItemName>רקסונה דאודורנט ספרי</ItemName>
      <ManufactureName>לא ידוע</ManufactureName>
      <ManufactureCountry>לא ידוע</ManufactureCountry>
      <ManufactureItemDescription>רקסונה דאודורנט ספרי</ManufactureItemDescription>
      <UnitQty>לא ידוע</UnitQty>
      <Quantity>150.00</Quantity>
      <UnitOfMeasure>100 מ"ל</UnitOfMeasure>
      <bIsWeighted>0</bIsWeighted>
      <QtyInPackage>לא ידוע</QtyInPackage>
      <ItemPrice>13.90</ItemPrice>
      <UnitOfMeasurePrice>0.09</UnitOfMeasurePrice>
      <AllowDiscount>1</AllowDiscount>
      <ItemStatus/>
    </Item>
    <Item>
      <PriceUpdateTime>2025-04-11T08:27:08.000</PriceUpdateTime>
      <ItemCode>7290003361618</ItemCode>
      <LastSaleDateTime>2026-01-28T15:58:21.000</LastSaleDateTime>
      <ItemType>1</ItemType>
      <ItemName>פילה סלמון שלם טרי</ItemName>
      <ManufactureName>לא ידוע</ManufactureName>
      <ManufactureCountry>לא ידוע</ManufactureCountry>
      <ManufactureItemDescription>פילה סלמון שלם טרי</ManufactureItemDescription>
      <UnitQty>קילוגרם</UnitQty>
      <Quantity>1.00</Quantity>
      <UnitOfMeasure>ק"ג     </UnitOfMeasure>
      <bIsWeighted>1</bIsWeighted>
      <QtyInPackage>לא ידוע</QtyInPackage>
      <ItemPrice>119.90</ItemPrice>
      <UnitOfMeasurePrice>119.90</UnitOfMeasurePrice>
      <AllowDiscount>1</AllowDiscount>
      <ItemStatus/>
    </Item>
    <Item>
      <PriceUpdateTime>2025-04-11T08:27:17.000</PriceUpdateTime>
      <ItemCode>4013227013391</ItemCode>
      <LastSaleDateTime>2015-01-01T00:00:00.000</LastSaleDateTime>
      <ItemType>1</ItemType>
      <ItemName>אוטום קרים כשר</ItemName>
      <ManufactureName>קוימנס</ManufactureName>
      <ManufactureCountry>הולנד</ManufactureCountry>
      <ManufactureItemDescription>אוטום קרים</ManufactureItemDescription>
      <UnitQty>לא ידוע</UnitQty>
      <Quantity>700.00</Quantity>
      <UnitOfMeasure>100 מ"ל</UnitOfMeasure>
      <bIsWeighted>0</bIsWeighted>
      <QtyInPackage>לא ידוע</QtyInPackage>
      <ItemPrice>44.90</ItemPrice>
      <UnitOfMeasurePrice>0.06</UnitOfMeasurePrice>
      <AllowDiscount>1</AllowDiscount>
      <ItemStatus>2</ItemStatus>
    </Item>
    <Item>
      <PriceUpdateTime>2025-04-11T08:27:17.000</PriceUpdateTime>
      <ItemCode>4013227013391</ItemCode>
      <LastSaleDateTime>2015-01-01T00:00:00.000</LastSaleDateTime>
      <ItemType>1</ItemType>
      <ItemName>אוטום קרים כשר</ItemName>
      <ManufactureName>קוימנס</ManufactureName>
      <ManufactureCountry>הולנד</ManufactureCountry>
      <ManufactureItemDescription>אוטום קרים</ManufactureItemDescription>
      <UnitQty>לא ידוע</UnitQty>
      <Quantity>700.00</Quantity>
      <UnitOfMeasure>100 מ"ל</UnitOfMeasure>
      <bIsWeighted>0</bIsWeighted>
      <QtyInPackage>לא ידוע</QtyInPackage>
      <ItemPrice>44.90</ItemPrice>
      <UnitOfMeasurePrice>0.06</UnitOfMeasurePrice>
      <AllowDiscount>1</AllowDiscount>
      <ItemStatus/>
    </Item>
    <Item>
      <PriceUpdateTime>2025-04-11T08:28:04.000</PriceUpdateTime>
      <ItemCode>9421018071508</ItemCode>
      <LastSaleDateTime>2026-01-09T12:13:49.000</LastSaleDateTime>
      <ItemType>1</ItemType>
      <ItemName>יין מד האוס 750 מ"ל</ItemName>
      <ManufactureName>לא ידוע</ManufactureName>
      <ManufactureCountry>לא ידוע</ManufactureCountry>
      <ManufactureItemDescription>יין מד האוס 750 מ"ל</ManufactureItemDescription>
      <UnitQty>לא ידוע</UnitQty>
      <Quantity>1.00</Quantity>
      <UnitOfMeasure>יח'</UnitOfMeasure>
      <bIsWeighted>0</bIsWeighted>
      <QtyInPackage>לא ידוע</QtyInPackage>
      <ItemPrice>55.30</ItemPrice>
      <UnitOfMeasurePrice>55.30</UnitOfMeasurePrice>
      <AllowDiscount>1</AllowDiscount>
      <ItemStatus/>
    </Item>
    <Item>
      <PriceUpdateTime>2025-04-11T08:28:18.000</PriceUpdateTime>
      <ItemCode>3525490011109</ItemCode>
      <LastSaleDateTime>2026-01-26T20:19:51.000</LastSaleDateTime>
      <ItemType>1</ItemType>
      <ItemName>יין לה ז'אמל רוזה 75</ItemName>
      <ManufactureName>לא ידוע</ManufactureName>
      <ManufactureCountry>לא ידוע</ManufactureCountry>
      <ManufactureItemDescription>יין לה ז'אמל רוזה 75</ManufactureItemDescription>
      <UnitQty>לא ידוע</UnitQty>
      <Quantity>1.00</Quantity>
      <UnitOfMeasure>יח'</UnitOfMeasure>
      <bIsWeighted>0</bIsWeighted>
      <QtyInPackage>לא ידוע</QtyInPackage>
      <ItemPrice>55.30</ItemPrice>
      <UnitOfMeasurePrice>55.30</UnitOfMeasurePrice>
      <AllowDiscount>1</AllowDiscount>
      <ItemStatus/>
    </Item>
    <Item>
      <PriceUpdateTime>2025-04-11T08:30:02.000</PriceUpdateTime>
      <ItemCode>8006545100924</ItemCode>
      <LastSaleDateTime>2026-01-29T14:43:20.000</LastSaleDateTime>
      <ItemType>1</ItemType>
      <ItemName>נרות כסף 12 יח / 12י</ItemName>
      <ManufactureName>לא ידוע</ManufactureName>
      <ManufactureCountry>לא ידוע</ManufactureCountry>
      <ManufactureItemDescription>נרות כסף 12 יח / 12י</ManufactureItemDescription>
      <UnitQty>לא ידוע</UnitQty>
      <Quantity>1.00</Quantity>
      <UnitOfMeasure>יח'</UnitOfMeasure>
      <bIsWeighted>0</bIsWeighted>
      <QtyInPackage>לא ידוע</QtyInPackage>
      <ItemPrice>9.90</ItemPrice>
      <UnitOfMeasurePrice>9.90</UnitOfMeasurePrice>
      <AllowDiscount>1</AllowDiscount>
      <ItemStatus/>
    </Item>
    <Item>
      <PriceUpdateTime>2025-04-11T11:03:14.000</PriceUpdateTime>
      <ItemCode>7290011745707</ItemCode>
      <LastSaleDateTime>2026-01-28T12:10:59.000</LastSaleDateTime>
      <ItemType>1</ItemType>
      <ItemName>משחת שיניים לילדים ב</ItemName>
      <ManufactureName>סנסודיין</ManufactureName>
      <ManufactureCountry>סלובקיה</ManufactureCountry>
      <ManufactureItemDescription>סנסודיין פרונמל ילדים 50</ManufactureItemDescription>
      <UnitQty>לא ידוע</UnitQty>
      <Quantity>50.00</Quantity>
      <UnitOfMeasure>100 מ"ל</UnitOfMeasure>
      <bIsWeighted>0</bIsWeighted>
      <QtyInPackage>לא ידוע</QtyInPackage>
      <ItemPrice>15.10</ItemPrice>
      <UnitOfMeasurePrice>0.30</UnitOfMeasurePrice>
      <AllowDiscount>1</AllowDiscount>
      <ItemStatus/>
    </Item>
    <Item>
      <PriceUpdateTime>2025-04-11T11:29:00.000</PriceUpdateTime>
      <ItemCode>7290010003440</ItemCode>
      <LastSaleDateTime>2026-01-22T13:58:33.000</LastSaleDateTime>
      <ItemType>1</ItemType>
      <ItemName>שבבי בצל מטוגן 200 ג</ItemName>
      <ManufactureName>לא ידוע</ManufactureName>
      <ManufactureCountry>לא ידוע</ManufactureCountry>
      <ManufactureItemDescription>שבבי בצל מטוגן 200 ג</ManufactureItemDescription>
      <UnitQty>גרם</UnitQty>
      <Quantity>200.00</Quantity>
      <UnitOfMeasure>100 גרם</UnitOfMeasure>
      <bIsWeighted>0</bIsWeighted>
      <QtyInPackage>לא ידוע</QtyInPackage>
      <ItemPrice>12.70</ItemPrice>
      <UnitOfMeasurePrice>6.35</UnitOfMeasurePrice>
      <AllowDiscount>1</AllowDiscount>
      <ItemStatus/>
    </Item>
    <Item>
      <PriceUpdateTime>2025-04-14T11:07:00.000</PriceUpdateTime>
      <ItemCode>7290001072097</ItemCode>
      <LastSaleDateTime>2026-01-22T18:41:51.000</LastSaleDateTime>
      <ItemType>1</ItemType>
      <ItemName>ג'ל גילוח עור עדין ר</ItemName>
      <ManufactureName>לא ידוע</ManufactureName>
      <ManufactureCountry>לא ידוע</ManufactureCountry>
      <ManufactureItemDescription>ג'ל גילוח עור עדין ר</ManufactureItemDescription>
      <UnitQty>לא ידוע</UnitQty>
      <Quantity>1.00</Quantity>
      <UnitOfMeasure>יח'</UnitOfMeasure>
      <bIsWeighted>0</bIsWeighted>
      <QtyInPackage>לא ידוע</QtyInPackage>
      <ItemPrice>10.90</ItemPrice>
      <UnitOfMeasurePrice>10.90</UnitOfMeasurePrice>
      <AllowDiscount>1</AllowDiscount>
      <ItemStatus/>
    </Item>
    <Item>
      <PriceUpdateTime>2025-04-15T12:46:09.000</PriceUpdateTime>
      <ItemCode>7290100704752</ItemCode>
      <LastSaleDateTime>2026-01-29T18:41:53.000</LastSaleDateTime>
      <ItemType>1</ItemType>
      <ItemName>אורז ריזוטו 500 גר ס</ItemName>
      <ManufactureName>לא ידוע</ManufactureName>
      <ManufactureCountry>לא ידוע</ManufactureCountry>
      <ManufactureItemDescription>אורז ריזוטו 500 גר ס</ManufactureItemDescription>
      <UnitQty>גרם</UnitQty>
      <Quantity>510.00</Quantity>
      <UnitOfMeasure>100 גרם</UnitOfMeasure>
      <bIsWeighted>0</bIsWeighted>
      <QtyInPackage>לא ידוע</QtyInPackage>
      <ItemPrice>9.00</ItemPrice>
      <UnitOfMeasurePrice>1.76</UnitOfMeasurePrice>
      <AllowDiscount>1</AllowDiscount>
      <ItemStatus/>
    </Item>
    <Item>
      <PriceUpdateTime>2025-04-15T14:47:11.000</PriceUpdateTime>
      <ItemCode>7290117265772</ItemCode>
      <LastSaleDateTime>2026-01-29T18:24:04.000</LastSaleDateTime>
      <ItemType>1</ItemType>
      <ItemName>טאפאס גבינות 150 גר</ItemName>
      <ManufactureName>לא ידוע</ManufactureName>
      <ManufactureCountry>לא ידוע</ManufactureCountry>
      <ManufactureItemDescription>טאפאס גבינות 150 גר</ManufactureItemDescription>
      <UnitQty>גרם</UnitQty>
      <Quantity>150.00</Quantity>
      <UnitOfMeasure>100 גרם</UnitOfMeasure>
      <bIsWeighted>0</bIsWeighted>
      <QtyInPackage>לא ידוע</QtyInPackage>
      <ItemPrice>23.20</ItemPrice>
      <UnitOfMeasurePrice>15.47</UnitOfMeasurePrice>
      <AllowDiscount>1</AllowDiscount>
      <ItemStatus/>
    </Item>
    <Item>
      <PriceUpdateTime>2025-04-15T15:16:57.000</PriceUpdateTime>
      <ItemCode>7290003023196</ItemCode>
      <LastSaleDateTime>2026-01-29T13:31:56.000</LastSaleDateTime>
      <ItemType>1</ItemType>
      <ItemName>מוקה יטבתה 225 מ"ל</ItemName>
      <ManufactureName>יטבתה</ManufactureName>
      <ManufactureCountry>לא ידוע</ManufactureCountry>
      <ManufactureItemDescription>מוקה יטבתה 225 מ"ל</ManufactureItemDescription>
      <UnitQty>לא ידוע</UnitQty>
      <Quantity>225.00</Quantity>
      <UnitOfMeasure>100 מ"ל</UnitOfMeasure>
      <bIsWeighted>0</bIsWeighted>
      <QtyInPackage>לא ידוע</QtyInPackage>
      <ItemPrice>2.60</ItemPrice>
      <UnitOfMeasurePrice>0.01</UnitOfMeasurePrice>
      <AllowDiscount>1</AllowDiscount>
      <ItemStatus/>
    </Item>
    <Item>
      <PriceUpdateTime>2025-04-16T08:19:28.000</PriceUpdateTime>
      <ItemCode>76840363957</ItemCode>
      <LastSaleDateTime>2026-01-29T19:33:33.000</LastSaleDateTime>
      <ItemType>1</ItemType>
      <ItemName>גלידת בן אנד גירס סו</ItemName>
      <ManufactureName>בן אנד ג'ריס</ManufactureName>
      <ManufactureCountry>לא ידוע</ManufactureCountry>
      <ManufactureItemDescription>גלידת בן אנד גירס סו</ManufactureItemDescription>
      <UnitQty>לא ידוע</UnitQty>
      <Quantity>444.00</Quantity>
      <UnitOfMeasure>100 מ"ל</UnitOfMeasure>
      <bIsWeighted>0</bIsWeighted>
      <QtyInPackage>לא ידוע</QtyInPackage>
      <ItemPrice>21.90</ItemPrice>
      <UnitOfMeasurePrice>0.05</UnitOfMeasurePrice>
      <AllowDiscount>1</AllowDiscount>
      <ItemStatus/>
    </Item>
    <Item>
      <PriceUpdateTime>2025-04-17T10:02:01.000</PriceUpdateTime>
      <ItemCode>6936745600462</ItemCode>
      <LastSaleDateTime>2026-01-29T13:52:20.000</LastSaleDateTime>
      <ItemType>1</ItemType>
      <ItemName>מירין 500 מ"ל (דאניי</ItemName>
      <ManufactureName>מזרח ומערב</ManufactureName>
      <ManufactureCountry>לא ידוע</ManufactureCountry>
      <ManufactureItemDescription>מירין 500 מ"ל (דאניי</ManufactureItemDescription>
      <UnitQty>לא ידוע</UnitQty>
      <Quantity>500.00</Quantity>
      <UnitOfMeasure>100 מ"ל</UnitOfMeasure>
      <bIsWeighted>0</bIsWeighted>
      <QtyInPackage>לא ידוע</QtyInPackage>
      <ItemPrice>17.80</ItemPrice>
      <UnitOfMeasurePrice>0.04</UnitOfMeasurePrice>
      <AllowDiscount>1</AllowDiscount>
      <ItemStatus/>
    </Item>
    <Item>
      <PriceUpdateTime>2025-04-20T08:14:26.000</PriceUpdateTime>
      <ItemCode>7290006342645</ItemCode>
      <LastSaleDateTime>2026-01-29T18:35:38.000</LastSaleDateTime>
      <ItemType>1</ItemType>
      <ItemName>טורטיות 10 יח 700גרם</ItemName>
      <ManufactureName>דין שיווק</ManufactureName>
      <ManufactureCountry>לא ידוע</ManufactureCountry>
      <ManufactureItemDescription>טורטיות 10 יח 700גרם</ManufactureItemDescription>
      <UnitQty>גרם</UnitQty>
      <Quantity>700.00</Quantity>
      <UnitOfMeasure>100 גרם</UnitOfMeasure>
      <bIsWeighted>0</bIsWeighted>
      <QtyInPackage>לא ידוע</QtyInPackage>
      <ItemPrice>14.90</ItemPrice>
      <UnitOfMeasurePrice>2.13</UnitOfMeasurePrice>
      <AllowDiscount>1</AllowDiscount>
      <ItemStatus/>
    </Item>
    <Item>
      <PriceUpdateTime>2025-04-20T08:14:27.000</PriceUpdateTime>
      <ItemCode>7290011622763</ItemCode>
      <LastSaleDateTime>2026-01-29T12:07:00.000</LastSaleDateTime>
      <ItemType>1</ItemType>
      <ItemName>ביסקוויטמינים פלוס ו</ItemName>
      <ManufactureName>לא ידוע</ManufactureName>
      <ManufactureCountry>לא ידוע</ManufactureCountry>
      <ManufactureItemDescription>ביסקוויטמינים פלוס ו</ManufactureItemDescription>
      <UnitQty>גרם</UnitQty>
      <Quantity>150.00</Quantity>
      <UnitOfMeasure>100 גרם</UnitOfMeasure>
      <bIsWeighted>0</bIsWeighted>
      <QtyInPackage>לא ידוע</QtyInPackage>
      <ItemPrice>17.90</ItemPrice>
      <UnitOfMeasurePrice>11.93</UnitOfMeasurePrice>
      <AllowDiscount>1</AllowDiscount>
      <ItemStatus/>
    </Item>
    <Item>
      <PriceUpdateTime>2025-04-20T08:14:32.000</PriceUpdateTime>
      <ItemCode>7290106572027</ItemCode>
      <LastSaleDateTime>2026-01-22T17:10:11.000</LastSaleDateTime>
      <ItemType>1</ItemType>
      <ItemName>לחמית חמישה דגנים אס</ItemName>
      <ManufactureName>אסם</ManufactureName>
      <ManufactureCountry>לא ידוע</ManufactureCountry>
      <ManufactureItemDescription>לחמית חמישה דגנים אס</ManufactureItemDescription>
      <UnitQty>גרם</UnitQty>
      <Quantity>190.00</Quantity>
      <UnitOfMeasure>100 גרם</UnitOfMeasure>
      <bIsWeighted>0</bIsWeighted>
      <QtyInPackage>לא ידוע</QtyInPackage>
      <ItemPrice>7.90</ItemPrice>
      <UnitOfMeasurePrice>4.16</UnitOfMeasurePrice>
      <AllowDiscount>1</AllowDiscount>
      <ItemStatus/>
    </Item>
    <Item>
      <PriceUpdateTime>2025-04-20T08:14:33.000</PriceUpdateTime>
      <ItemCode>7290112194534</ItemCode>
      <LastSaleDateTime>2026-01-22T16:43:32.000</LastSaleDateTime>
      <ItemType>1</ItemType>
      <ItemName>טורטיה חיטה מלאה 320</ItemName>
      <ManufactureName>לא ידוע</ManufactureName>
      <ManufactureCountry>לא ידוע</ManufactureCountry>
      <ManufactureItemDescription>טורטיה חיטה מלאה 320</ManufactureItemDescription>
      <UnitQty>גרם</UnitQty>
      <Quantity>320.00</Quantity>
      <UnitOfMeasure>100 גרם</UnitOfMeasure>
      <bIsWeighted>0</bIsWeighted>
      <QtyInPackage>לא ידוע</QtyInPackage>
      <ItemPrice>9.00</ItemPrice>
      <UnitOfMeasurePrice>2.81</UnitOfMeasurePrice>
      <AllowDiscount>1</AllowDiscount>
      <ItemStatus/>
    </Item>
    <Item>
      <PriceUpdateTime>2025-04-20T08:14:33.000</PriceUpdateTime>
      <ItemCode>7290111531392</ItemCode>
      <LastSaleDateTime>2026-01-22T08:45:24.000</LastSaleDateTime>
      <ItemType>1</ItemType>
      <ItemName>עוגיות סגנון מרוקאי</ItemName>
      <ManufactureName>לא ידוע</ManufactureName>
      <ManufactureCountry>לא ידוע</ManufactureCountry>
      <ManufactureItemDescription>עוגיות סגנון מרוקאי</ManufactureItemDescription>
      <UnitQty>גרם</UnitQty>
      <Quantity>350.00</Quantity>
      <UnitOfMeasure>100 גרם</UnitOfMeasure>
      <bIsWeighted>0</bIsWeighted>
      <QtyInPackage>לא ידוע</QtyInPackage>
      <ItemPrice>15.10</ItemPrice>
      <UnitOfMeasurePrice>4.31</UnitOfMeasurePrice>
      <AllowDiscount>1</AllowDiscount>
      <ItemStatus/>
    </Item>
    <Item>
      <PriceUpdateTime>2025-04-20T08:14:35.000</PriceUpdateTime>
      <ItemCode>7290112961464</ItemCode>
      <LastSaleDateTime>2026-01-29T12:56:13.000</LastSaleDateTime>
      <ItemType>1</ItemType>
      <ItemName>פיטנס חטיפי פריכיות</ItemName>
      <ManufactureName>לא ידוע</ManufactureName>
      <ManufactureCountry>לא ידוע</ManufactureCountry>
      <ManufactureItemDescription>פיטנס חטיפי פריכיות</ManufactureItemDescription>
      <UnitQty>גרם</UnitQty>
      <Quantity>60.00</Quantity>
      <UnitOfMeasure>100 גרם</UnitOfMeasure>
      <bIsWeighted>0</bIsWeighted>
      <QtyInPackage>לא ידוע</QtyInPackage>
      <ItemPrice>7.90</ItemPrice>
      <UnitOfMeasurePrice>13.17</UnitOfMeasurePrice>
      <AllowDiscount>1</AllowDiscount>
      <ItemStatus/>
    </Item>
    <Item>
      <PriceUpdateTime>2025-04-20T08:14:37.000</PriceUpdateTime>
      <ItemCode>7290119373352</ItemCode>
      <LastSaleDateTime>2026-01-29T12:59:50.000</LastSaleDateTime>
      <ItemType>1</ItemType>
      <ItemName>פריכיות משולשות תפוא</ItemName>
      <ManufactureName>לא ידוע</ManufactureName>
      <ManufactureCountry>לא ידוע</ManufactureCountry>
      <ManufactureItemDescription>פריכיות משולשות תפוא</ManufactureItemDescription>
      <UnitQty>גרם</UnitQty>
      <Quantity>30.00</Quantity>
      <UnitOfMeasure>100 גרם</UnitOfMeasure>
      <bIsWeighted>0</bIsWeighted>
      <QtyInPackage>לא ידוע</QtyInPackage>
      <ItemPrice>4.90</ItemPrice>
      <UnitOfMeasurePrice>16.33</UnitOfMeasurePrice>
      <AllowDiscount>1</AllowDiscount>
      <ItemStatus/>
    </Item>
    <Item>
      <PriceUpdateTime>2025-04-20T08:39:42.000</PriceUpdateTime>
      <ItemCode>7290000121154</ItemCode>
      <LastSaleDateTime>2026-01-29T14:41:15.000</LastSaleDateTime>
      <ItemType>1</ItemType>
      <ItemName>גבינה מותכת לייט עם</ItemName>
      <ManufactureName>מון בלאן</ManufactureName>
      <ManufactureCountry>לא ידוע</ManufactureCountry>
      <ManufactureItemDescription>גבינה מותכת לייט עם</ManufactureItemDescription>
      <UnitQty>גרם</UnitQty>
      <Quantity>120.00</Quantity>
      <UnitOfMeasure>100 גרם</UnitOfMeasure>
      <bIsWeighted>0</bIsWeighted>
      <QtyInPackage>לא ידוע</QtyInPackage>
      <ItemPrice>12.00</ItemPrice>
      <UnitOfMeasurePrice>10.00</UnitOfMeasurePrice>
      <AllowDiscount>1</AllowDiscount>
      <ItemStatus/>
    </Item>
    <Item>
      <PriceUpdateTime>2025-04-20T08:39:42.000</PriceUpdateTime>
      <ItemCode>7290002345190</ItemCode>
      <LastSaleDateTime>2026-01-29T22:12:41.000</LastSaleDateTime>
      <ItemType>1</ItemType>
      <ItemName>אריסה חריפה 250 גר ר</ItemName>
      <ManufactureName>לא ידוע</ManufactureName>
      <ManufactureCountry>לא ידוע</ManufactureCountry>
      <ManufactureItemDescription>אריסה חריפה 250 גר ר</ManufactureItemDescription>
      <UnitQty>גרם</UnitQty>
      <Quantity>250.00</Quantity>
      <UnitOfMeasure>100 גרם</UnitOfMeasure>
      <bIsWeighted>0</bIsWeighted>
      <QtyInPackage>לא ידוע</QtyInPackage>
      <ItemPrice>13.90</ItemPrice>
      <UnitOfMeasurePrice>5.56</UnitOfMeasurePrice>
      <AllowDiscount>1</AllowDiscount>
      <ItemStatus/>
    </Item>
    <Item>
      <PriceUpdateTime>2025-04-20T08:39:44.000</PriceUpdateTime>
      <ItemCode>7290018237410</ItemCode>
      <LastSaleDateTime>2026-01-29T09:41:47.000</LastSaleDateTime>
      <ItemType>1</ItemType>
      <ItemName>עוף טוב פסטרמה במעשנ</ItemName>
      <ManufactureName>לא ידוע</ManufactureName>
      <ManufactureCountry>לא ידוע</ManufactureCountry>
      <ManufactureItemDescription>עוף טוב פסטרמה במעשנ</ManufactureItemDescription>
      <UnitQty>גרם</UnitQty>
      <Quantity>300.00</Quantity>
      <UnitOfMeasure>100 גרם</UnitOfMeasure>
      <bIsWeighted>0</bIsWeighted>
      <QtyInPackage>לא ידוע</QtyInPackage>
      <ItemPrice>24.90</ItemPrice>
      <UnitOfMeasurePrice>8.30</UnitOfMeasurePrice>
      <AllowDiscount>1</AllowDiscount>
      <ItemStatus/>
    </Item>
    <Item>
      <PriceUpdateTime>2025-04-20T08:39:45.000</PriceUpdateTime>
      <ItemCode>7290019204206</ItemCode>
      <LastSaleDateTime>2026-01-29T15:54:18.000</LastSaleDateTime>
      <ItemType>1</ItemType>
      <ItemName>פסטרמה בסגנון רומני</ItemName>
      <ManufactureName>לא ידוע</ManufactureName>
      <ManufactureCountry>לא ידוע</ManufactureCountry>
      <ManufactureItemDescription>פסטרמה בסגנון רומני</ManufactureItemDescription>
      <UnitQty>גרם</UnitQty>
      <Quantity>320.00</Quantity>
      <UnitOfMeasure>100 גרם</UnitOfMeasure>
      <bIsWeighted>0</bIsWeighted>
      <QtyInPackage>לא ידוע</QtyInPackage>
      <ItemPrice>24.90</ItemPrice>
      <UnitOfMeasurePrice>7.78</UnitOfMeasurePrice>
      <AllowDiscount>1</AllowDiscount>
      <ItemStatus/>
    </Item>
    <Item>
      <PriceUpdateTime>2025-04-20T08:39:46.000</PriceUpdateTime>
      <ItemCode>7290109640396</ItemCode>
      <LastSaleDateTime>2026-01-28T16:33:51.000</LastSaleDateTime>
      <ItemType>1</ItemType>
      <ItemName>משומשו ממרח שום שמיר</ItemName>
      <ManufactureName>לא ידוע</ManufactureName>
      <ManufactureCountry>לא ידוע</ManufactureCountry>
      <ManufactureItemDescription>משומשו ממרח שום שמיר</ManufactureItemDescription>
      <UnitQty>גרם</UnitQty>
      <Quantity>200.00</Quantity>
      <UnitOfMeasure>100 גרם</UnitOfMeasure>
      <bIsWeighted>0</bIsWeighted>
      <QtyInPackage>לא ידוע</QtyInPackage>
      <ItemPrice>15.10</ItemPrice>
      <UnitOfMeasurePrice>7.55</UnitOfMeasurePrice>
      <AllowDiscount>1</AllowDiscount>
      <ItemStatus/>
    </Item>
    <Item>
      <PriceUpdateTime>2025-04-20T08:42:06.000</PriceUpdateTime>
      <ItemCode>7290116537214</ItemCode>
      <LastSaleDateTime>2026-01-22T11:11:24.000</LastSaleDateTime>
      <ItemType>1</ItemType>
      <ItemName>בדין אקסטרה 960מל לק</ItemName>
      <ManufactureName>לא ידוע</ManufactureName>
      <ManufactureCountry>לא ידוע</ManufactureCountry>
      <ManufactureItemDescription>בדין אקסטרה 960מל לק</ManufactureItemDescription>
      <UnitQty>לא ידוע</UnitQty>
      <Quantity>960.00</Quantity>
      <UnitOfMeasure>100 מ"ל</UnitOfMeasure>
      <bIsWeighted>0</bIsWeighted>
      <QtyInPackage>לא ידוע</QtyInPackage>
      <ItemPrice>15.90</ItemPrice>
      <UnitOfMeasurePrice>0.02</UnitOfMeasurePrice>
      <AllowDiscount>1</AllowDiscount>
      <ItemStatus/>
    </Item>
    <Item>
      <PriceUpdateTime>2025-04-20T08:43:34.000</PriceUpdateTime>
      <ItemCode>50000543519</ItemCode>
      <LastSaleDateTime>2026-01-28T17:31:07.000</LastSaleDateTime>
      <ItemType>1</ItemType>
      <ItemName>פריסקיז פטה דג אוקיי</ItemName>
      <ManufactureName>לא ידוע</ManufactureName>
      <ManufactureCountry>לא ידוע</ManufactureCountry>
      <ManufactureItemDescription>פריסקיז פטה דג אוקיי</ManufactureItemDescription>
      <UnitQty>גרם</UnitQty>
      <Quantity>156.00</Quantity>
      <UnitOfMeasure>100 גרם</UnitOfMeasure>
      <bIsWeighted>0</bIsWeighted>
      <QtyInPackage>לא ידוע</QtyInPackage>
      <ItemPrice>6.90</ItemPrice>
      <UnitOfMeasurePrice>4.42</UnitOfMeasurePrice>
      <AllowDiscount>1</AllowDiscount>
      <ItemStatus/>
    </Item>
    <Item>
      <PriceUpdateTime>2025-04-20T08:43:34.000</PriceUpdateTime>
      <ItemCode>50000543595</ItemCode>
      <LastSaleDateTime>2026-01-28T17:31:07.000</LastSaleDateTime>
      <ItemType>1</ItemType>
      <ItemName>פריסקיז פטה כבד ועוף</ItemName>
      <ManufactureName>לא ידוע</ManufactureName>
      <ManufactureCountry>לא ידוע</ManufactureCountry>
      <ManufactureItemDescription>פריסקיז פטה כבד ועוף</ManufactureItemDescription>
      <UnitQty>גרם</UnitQty>
      <Quantity>156.00</Quantity>
      <UnitOfMeasure>100 גרם</UnitOfMeasure>
      <bIsWeighted>0</bIsWeighted>
      <QtyInPackage>לא ידוע</QtyInPackage>
      <ItemPrice>6.90</ItemPrice>
      <UnitOfMeasurePrice>4.42</UnitOfMeasurePrice>
      <AllowDiscount>1</AllowDiscount>
      <ItemStatus/>
    </Item>
    <Item>
      <PriceUpdateTime>2025-04-20T08:43:42.000</PriceUpdateTime>
      <ItemCode>7613034146656</ItemCode>
      <LastSaleDateTime>2026-01-22T15:02:16.000</LastSaleDateTime>
      <ItemType>1</ItemType>
      <ItemName>ONE מיני אקטיב בקר 1</ItemName>
      <ManufactureName>לא ידוע</ManufactureName>
      <ManufactureCountry>לא ידוע</ManufactureCountry>
      <ManufactureItemDescription>ONE מיני אקטיב בקר 1</ManufactureItemDescription>
      <UnitQty>לא ידוע</UnitQty>
      <Quantity>1.00</Quantity>
      <UnitOfMeasure>יח'</UnitOfMeasure>
      <bIsWeighted>0</bIsWeighted>
      <QtyInPackage>לא ידוע</QtyInPackage>
      <ItemPrice>59.90</ItemPrice>
      <UnitOfMeasurePrice>59.90</UnitOfMeasurePrice>
      <AllowDiscount>1</AllowDiscount>
      <ItemStatus/>
    </Item>
    <Item>
      <PriceUpdateTime>2025-04-20T08:43:45.000</PriceUpdateTime>
      <ItemCode>8009470013024</ItemCode>
      <LastSaleDateTime>2026-01-28T22:48:58.000</LastSaleDateTime>
      <ItemType>1</ItemType>
      <ItemName>מונג נתחי הודו 100 ג</ItemName>
      <ManufactureName>לא ידוע</ManufactureName>
      <ManufactureCountry>לא ידוע</ManufactureCountry>
      <ManufactureItemDescription>מונג נתחי הודו 100 ג</ManufactureItemDescription>
      <UnitQty>לא ידוע</UnitQty>
      <Quantity>1.00</Quantity>
      <UnitOfMeasure>יח'</UnitOfMeasure>
      <bIsWeighted>0</bIsWeighted>
      <QtyInPackage>לא ידוע</QtyInPackage>
      <ItemPrice>6.90</ItemPrice>
      <UnitOfMeasurePrice>6.90</UnitOfMeasurePrice>
      <AllowDiscount>1</AllowDiscount>
      <ItemStatus/>
    </Item>
    <Item>
      <PriceUpdateTime>2025-04-20T08:43:45.000</PriceUpdateTime>
      <ItemCode>8009470013079</ItemCode>
      <LastSaleDateTime>2026-01-28T22:48:58.000</LastSaleDateTime>
      <ItemType>1</ItemType>
      <ItemName>מונג נתחי בקר 100 גר</ItemName>
      <ManufactureName>לא ידוע</ManufactureName>
      <ManufactureCountry>לא ידוע</ManufactureCountry>
      <ManufactureItemDescription>מונג נתחי בקר 100 גר</ManufactureItemDescription>
      <UnitQty>לא ידוע</UnitQty>
      <Quantity>1.00</Quantity>
      <UnitOfMeasure>יח'</UnitOfMeasure>
      <bIsWeighted>0</bIsWeighted>
      <QtyInPackage>לא ידוע</QtyInPackage>
      <ItemPrice>6.90</ItemPrice>
      <UnitOfMeasurePrice>6.90</UnitOfMeasurePrice>
      <AllowDiscount>1</AllowDiscount>
      <ItemStatus/>
    </Item>
    <Item>
      <PriceUpdateTime>2025-04-20T08:45:06.000</PriceUpdateTime>
      <ItemCode>5054563204226</ItemCode>
      <LastSaleDateTime>2026-01-28T10:20:09.000</LastSaleDateTime>
      <ItemType>1</ItemType>
      <ItemName>אקווה פרש לגילאים 6-</ItemName>
      <ManufactureName>לא ידוע</ManufactureName>
      <ManufactureCountry>לא ידוע</ManufactureCountry>
      <ManufactureItemDescription>אקווה פרש לגילאים 6-</ManufactureItemDescription>
      <UnitQty>גרם</UnitQty>
      <Quantity>50.00</Quantity>
      <UnitOfMeasure>100 גרם</UnitOfMeasure>
      <bIsWeighted>0</bIsWeighted>
      <QtyInPackage>לא ידוע</QtyInPackage>
      <ItemPrice>11.90</ItemPrice>
      <UnitOfMeasurePrice>23.80</UnitOfMeasurePrice>
      <AllowDiscount>1</AllowDiscount>
      <ItemStatus/>
    </Item>
    <Item>
      <PriceUpdateTime>2025-04-20T08:48:58.000</PriceUpdateTime>
      <ItemCode>7290011618216</ItemCode>
      <LastSaleDateTime>2026-01-22T12:58:46.000</LastSaleDateTime>
      <ItemType>1</ItemType>
      <ItemName>בייבי ביס חטיף אורז</ItemName>
      <ManufactureName>בייבי ביס</ManufactureName>
      <ManufactureCountry>סין</ManufactureCountry>
      <ManufactureItemDescription>נגיסי אורז לתינוקות בטעם</ManufactureItemDescription>
      <UnitQty>גרם</UnitQty>
      <Quantity>50.00</Quantity>
      <UnitOfMeasure>100 גרם</UnitOfMeasure>
      <bIsWeighted>0</bIsWeighted>
      <QtyInPackage>לא ידוע</QtyInPackage>
      <ItemPrice>13.60</ItemPrice>
      <UnitOfMeasurePrice>27.20</UnitOfMeasurePrice>
      <AllowDiscount>1</AllowDiscount>
      <ItemStatus/>
    </Item>
    <Item>
      <PriceUpdateTime>2025-04-20T08:48:58.000</PriceUpdateTime>
      <ItemCode>7290014126473</ItemCode>
      <LastSaleDateTime>2026-01-22T12:58:46.000</LastSaleDateTime>
      <ItemType>1</ItemType>
      <ItemName>בייבי ביס חטיף אורז</ItemName>
      <ManufactureName>לא ידוע</ManufactureName>
      <ManufactureCountry>לא ידוע</ManufactureCountry>
      <ManufactureItemDescription>בייבי ביס חטיף אורז</ManufactureItemDescription>
      <UnitQty>גרם</UnitQty>
      <Quantity>50.00</Quantity>
      <UnitOfMeasure>100 גרם</UnitOfMeasure>
      <bIsWeighted>0</bIsWeighted>
      <QtyInPackage>לא ידוע</QtyInPackage>
      <ItemPrice>13.60</ItemPrice>
      <UnitOfMeasurePrice>27.20</UnitOfMeasurePrice>
      <AllowDiscount>1</AllowDiscount>
      <ItemStatus/>
    </Item>
    <Item>
      <PriceUpdateTime>2025-04-20T08:52:40.000</PriceUpdateTime>
      <ItemCode>7290001072103</ItemCode>
      <LastSaleDateTime>2026-01-29T19:26:55.000</LastSaleDateTime>
      <ItemType>1</ItemType>
      <ItemName>ג'ל גילוח קמומיל ויט</ItemName>
      <ManufactureName>לא ידוע</ManufactureName>
      <ManufactureCountry>לא ידוע</ManufactureCountry>
      <ManufactureItemDescription>ג'ל גילוח קמומיל ויט</ManufactureItemDescription>
      <UnitQty>לא ידוע</UnitQty>
      <Quantity>1.00</Quantity>
      <UnitOfMeasure>יח'</UnitOfMeasure>
      <bIsWeighted>0</bIsWeighted>
      <QtyInPackage>לא ידוע</QtyInPackage>
      <ItemPrice>10.90</ItemPrice>
      <UnitOfMeasurePrice>10.90</UnitOfMeasurePrice>
      <AllowDiscount>1</AllowDiscount>
      <ItemStatus/>
    </Item>
    <Item>
      <PriceUpdateTime>2025-04-20T08:52:40.000</PriceUpdateTime>
      <ItemCode>7290001004265</ItemCode>
      <LastSaleDateTime>2026-01-29T20:19:53.000</LastSaleDateTime>
      <ItemType>1</ItemType>
      <ItemName>מחית תפוח עץ 90 גר{ר</ItemName>
      <ManufactureName>לא ידוע</ManufactureName>
      <ManufactureCountry>לא ידוע</ManufactureCountry>
      <ManufactureItemDescription>מחית תפוח עץ 90 גר{ר</ManufactureItemDescription>
      <UnitQty>לא ידוע</UnitQty>
      <Quantity>1.00</Quantity>
      <UnitOfMeasure>יח'</UnitOfMeasure>
      <bIsWeighted>0</bIsWeighted>
      <QtyInPackage>לא ידוע</QtyInPackage>
      <ItemPrice>3.70</ItemPrice>
      <UnitOfMeasurePrice>3.70</UnitOfMeasurePrice>
      <AllowDiscount>1</AllowDiscount>
      <ItemStatus/>
    </Item>
    <Item>
      <PriceUpdateTime>2025-04-20T08:52:42.000</PriceUpdateTime>
      <ItemCode>8718951122857</ItemCode>
      <LastSaleDateTime>2026-01-22T15:54:18.000</LastSaleDateTime>
      <ItemType>1</ItemType>
      <ItemName>קולגייט מברשות ילדים</ItemName>
      <ManufactureName>לא ידוע</ManufactureName>
      <ManufactureCountry>לא ידוע</ManufactureCountry>
      <ManufactureItemDescription>קולגייט מברשות ילדים</ManufactureItemDescription>
      <UnitQty>גרם</UnitQty>
      <Quantity>2.00</Quantity>
      <UnitOfMeasure>גרם</UnitOfMeasure>
      <bIsWeighted>0</bIsWeighted>
      <QtyInPackage>לא ידוע</QtyInPackage>
      <ItemPrice>17.90</ItemPrice>
      <UnitOfMeasurePrice>8.95</UnitOfMeasurePrice>
      <AllowDiscount>1</AllowDiscount>
      <ItemStatus/>
    </Item>
    <Item>
      <PriceUpdateTime>2025-04-20T08:52:42.000</PriceUpdateTime>
      <ItemCode>8720181291869</ItemCode>
      <LastSaleDateTime>2026-01-22T17:50:29.000</LastSaleDateTime>
      <ItemType>1</ItemType>
      <ItemName>דאב דאו ספריי טלק לא</ItemName>
      <ManufactureName>לא ידוע</ManufactureName>
      <ManufactureCountry>לא ידוע</ManufactureCountry>
      <ManufactureItemDescription>דאב דאו ספריי טלק לא</ManufactureItemDescription>
      <UnitQty>לא ידוע</UnitQty>
      <Quantity>150.00</Quantity>
      <UnitOfMeasure>100 מ"ל</UnitOfMeasure>
      <bIsWeighted>0</bIsWeighted>
      <QtyInPackage>לא ידוע</QtyInPackage>
      <ItemPrice>14.90</ItemPrice>
      <UnitOfMeasurePrice>0.10</UnitOfMeasurePrice>
      <AllowDiscount>1</AllowDiscount>
      <ItemStatus/>
    </Item>
    <Item>
      <PriceUpdateTime>2025-04-20T08:53:06.000</PriceUpdateTime>
      <ItemCode>7290003400500</ItemCode>
      <LastSaleDateTime>2026-01-29T18:59:05.000</LastSaleDateTime>
      <ItemType>1</ItemType>
      <ItemName>חטיף קרמל בוטנים בצי</ItemName>
      <ManufactureName>ליימן-שליסל</ManufactureName>
      <ManufactureCountry>לא ידוע</ManufactureCountry>
      <ManufactureItemDescription>חטיף קרמל בוטנים בצי</ManufactureItemDescription>
      <UnitQty>גרם</UnitQty>
      <Quantity>47.00</Quantity>
      <UnitOfMeasure>100 גרם</UnitOfMeasure>
      <bIsWeighted>0</bIsWeighted>
      <QtyInPackage>לא ידוע</QtyInPackage>
      <ItemPrice>4.90</ItemPrice>
      <UnitOfMeasurePrice>10.43</UnitOfMeasurePrice>
      <AllowDiscount>1</AllowDiscount>
      <ItemStatus/>
    </Item>
    <Item>
      <PriceUpdateTime>2025-04-20T08:53:06.000</PriceUpdateTime>
      <ItemCode>40099132</ItemCode>
      <LastSaleDateTime>2026-01-29T22:12:41.000</LastSaleDateTime>
      <ItemType>1</ItemType>
      <ItemName>הובה בובה טעם תות 35</ItemName>
      <ManufactureName>הובה בובה</ManufactureName>
      <ManufactureCountry>לא ידוע</ManufactureCountry>
      <ManufactureItemDescription>הובה בובה טעם תות 35</ManufactureItemDescription>
      <UnitQty>גרם</UnitQty>
      <Quantity>35.00</Quantity>
      <UnitOfMeasure>100 גרם</UnitOfMeasure>
      <bIsWeighted>0</bIsWeighted>
      <QtyInPackage>לא ידוע</QtyInPackage>
      <ItemPrice>3.60</ItemPrice>
      <UnitOfMeasurePrice>10.29</UnitOfMeasurePrice>
      <AllowDiscount>1</AllowDiscount>
      <ItemStatus/>
    </Item>
    <Item>
      <PriceUpdateTime>2025-04-20T08:53:08.000</PriceUpdateTime>
      <ItemCode>34000544028</ItemCode>
      <LastSaleDateTime>2026-01-29T16:21:44.000</LastSaleDateTime>
      <ItemType>1</ItemType>
      <ItemName>טוויזלרס ממתק תות 19</ItemName>
      <ManufactureName>ליקורי'ץ</ManufactureName>
      <ManufactureCountry>לא ידוע</ManufactureCountry>
      <ManufactureItemDescription>טוויזלרס ממתק תות 19</ManufactureItemDescription>
      <UnitQty>גרם</UnitQty>
      <Quantity>198.00</Quantity>
      <UnitOfMeasure>100 גרם</UnitOfMeasure>
      <bIsWeighted>0</bIsWeighted>
      <QtyInPackage>לא ידוע</QtyInPackage>
      <ItemPrice>7.90</ItemPrice>
      <UnitOfMeasurePrice>3.99</UnitOfMeasurePrice>
      <AllowDiscount>1</AllowDiscount>
      <ItemStatus/>
    </Item>
    <Item>
      <PriceUpdateTime>2025-04-20T08:53:08.000</PriceUpdateTime>
      <ItemCode>34000544431</ItemCode>
      <LastSaleDateTime>2026-01-29T20:54:14.000</LastSaleDateTime>
      <ItemType>1</ItemType>
      <ItemName>טוויזלרס ממתק טעם דו</ItemName>
      <ManufactureName>לא ידוע</ManufactureName>
      <ManufactureCountry>לא ידוע</ManufactureCountry>
      <ManufactureItemDescription>טוויזלרס ממתק טעם דו</ManufactureItemDescription>
      <UnitQty>גרם</UnitQty>
      <Quantity>172.00</Quantity>
      <UnitOfMeasure>100 גרם</UnitOfMeasure>
      <bIsWeighted>0</bIsWeighted>
      <QtyInPackage>לא ידוע</QtyInPackage>
      <ItemPrice>7.90</ItemPrice>
      <UnitOfMeasurePrice>4.59</UnitOfMeasurePrice>
      <AllowDiscount>1</AllowDiscount>
      <ItemStatus/>
    </Item>
    <Item>
      <PriceUpdateTime>2025-04-20T08:53:08.000</PriceUpdateTime>
      <ItemCode>25675301184</ItemCode>
      <LastSaleDateTime>2026-01-28T21:34:51.000</LastSaleDateTime>
      <ItemType>1</ItemType>
      <ItemName>פשקז חמצוצים בטעם קו</ItemName>
      <ManufactureName>פאסין</ManufactureName>
      <ManufactureCountry>הולנד</ManufactureCountry>
      <ManufactureItemDescription>מקלות חמוצים קולה 50 גר'</ManufactureItemDescription>
      <UnitQty>גרם</UnitQty>
      <Quantity>50.00</Quantity>
      <UnitOfMeasure>100 גרם</UnitOfMeasure>
      <bIsWeighted>0</bIsWeighted>
      <QtyInPackage>לא ידוע</QtyInPackage>
      <ItemPrice>6.90</ItemPrice>
      <UnitOfMeasurePrice>13.80</UnitOfMeasurePrice>
      <AllowDiscount>1</AllowDiscount>
      <ItemStatus/>
    </Item>
    <Item>
      <PriceUpdateTime>2025-04-20T08:53:13.000</PriceUpdateTime>
      <ItemCode>4009900496247</ItemCode>
      <LastSaleDateTime>2026-01-29T19:02:31.000</LastSaleDateTime>
      <ItemType>1</ItemType>
      <ItemName>אורביט בקבוק בטעם בב</ItemName>
      <ManufactureName>לא ידוע</ManufactureName>
      <ManufactureCountry>לא ידוע</ManufactureCountry>
      <ManufactureItemDescription>אורביט בקבוק בטעם בב</ManufactureItemDescription>
      <UnitQty>לא ידוע</UnitQty>
      <Quantity>1.00</Quantity>
      <UnitOfMeasure>יח'</UnitOfMeasure>
      <bIsWeighted>0</bIsWeighted>
      <QtyInPackage>לא ידוע</QtyInPackage>
      <ItemPrice>15.70</ItemPrice>
      <UnitOfMeasurePrice>15.70</UnitOfMeasurePrice>
      <AllowDiscount>1</AllowDiscount>
      <ItemStatus/>
    </Item>
    <Item>
      <PriceUpdateTime>2025-04-20T08:53:13.000</PriceUpdateTime>
      <ItemCode>4009900420198</ItemCode>
      <LastSaleDateTime>2026-01-29T08:17:46.000</LastSaleDateTime>
      <ItemType>1</ItemType>
      <ItemName>אורביט אבטיח בקבוקון</ItemName>
      <ManufactureName>לא ידוע</ManufactureName>
      <ManufactureCountry>לא ידוע</ManufactureCountry>
      <ManufactureItemDescription>אורביט אבטיח בקבוקון</ManufactureItemDescription>
      <UnitQty>לא ידוע</UnitQty>
      <Quantity>1.00</Quantity>
      <UnitOfMeasure>יח'</UnitOfMeasure>
      <bIsWeighted>0</bIsWeighted>
      <QtyInPackage>לא ידוע</QtyInPackage>
      <ItemPrice>10.70</ItemPrice>
      <UnitOfMeasurePrice>10.70</UnitOfMeasurePrice>
      <AllowDiscount>1</AllowDiscount>
      <ItemStatus/>
    </Item>
    <Item>
      <PriceUpdateTime>2025-04-20T08:53:14.000</PriceUpdateTime>
      <ItemCode>4014400910063</ItemCode>
      <LastSaleDateTime>2026-01-29T11:19:16.000</LastSaleDateTime>
      <ItemType>1</ItemType>
      <ItemName>סוכריות חמאה וורטרס</ItemName>
      <ManufactureName>וורטר'ס אורגינל</ManufactureName>
      <ManufactureCountry>לא ידוע</ManufactureCountry>
      <ManufactureItemDescription>סוכריות חמאה וורטרס</ManufactureItemDescription>
      <UnitQty>גרם</UnitQty>
      <Quantity>135.00</Quantity>
      <UnitOfMeasure>100 גרם</UnitOfMeasure>
      <bIsWeighted>0</bIsWeighted>
      <QtyInPackage>לא ידוע</QtyInPackage>
      <ItemPrice>8.00</ItemPrice>
      <UnitOfMeasurePrice>5.93</UnitOfMeasurePrice>
      <AllowDiscount>1</AllowDiscount>
      <ItemStatus/>
    </Item>
    <Item>
      <PriceUpdateTime>2025-04-20T08:53:17.000</PriceUpdateTime>
      <ItemCode>5410126006360</ItemCode>
      <LastSaleDateTime>2026-01-29T19:02:31.000</LastSaleDateTime>
      <ItemType>1</ItemType>
      <ItemName>לוטוס עוגיות סנדויץ</ItemName>
      <ManufactureName>לא ידוע</ManufactureName>
      <ManufactureCountry>לא ידוע</ManufactureCountry>
      <ManufactureItemDescription>לוטוס עוגיות סנדויץ</ManufactureItemDescription>
      <UnitQty>גרם</UnitQty>
      <Quantity>150.00</Quantity>
      <UnitOfMeasure>100 גרם</UnitOfMeasure>
      <bIsWeighted>0</bIsWeighted>
      <QtyInPackage>לא ידוע</QtyInPackage>
      <ItemPrice>9.00</ItemPrice>
      <UnitOfMeasurePrice>6.00</UnitOfMeasurePrice>
      <AllowDiscount>1</AllowDiscount>
      <ItemStatus/>
    </Item>
    <Item>
      <PriceUpdateTime>2025-04-20T08:53:17.000</PriceUpdateTime>
      <ItemCode>5201004023360</ItemCode>
      <LastSaleDateTime>2026-01-22T14:45:46.000</LastSaleDateTime>
      <ItemType>1</ItemType>
      <ItemName>קפריס רולס קלאסי 250</ItemName>
      <ManufactureName>לא ידוע</ManufactureName>
      <ManufactureCountry>לא ידוע</ManufactureCountry>
      <ManufactureItemDescription>קפריס רולס קלאסי 250</ManufactureItemDescription>
      <UnitQty>גרם</UnitQty>
      <Quantity>250.00</Quantity>
      <UnitOfMeasure>100 גרם</UnitOfMeasure>
      <bIsWeighted>0</bIsWeighted>
      <QtyInPackage>לא ידוע</QtyInPackage>
      <ItemPrice>19.00</ItemPrice>
      <UnitOfMeasurePrice>7.60</UnitOfMeasurePrice>
      <AllowDiscount>1</AllowDiscount>
      <ItemStatus/>
    </Item>
    <Item>
      <PriceUpdateTime>2025-04-20T08:53:20.000</PriceUpdateTime>
      <ItemCode>7290000420332</ItemCode>
      <LastSaleDateTime>2026-01-22T21:23:35.000</LastSaleDateTime>
      <ItemType>1</ItemType>
      <ItemName>פופסטאר חמאה 5יח'</ItemName>
      <ManufactureName>Preston farms</ManufactureName>
      <ManufactureCountry>ארצות הברית</ManufactureCountry>
      <ManufactureItemDescription>פופסטאר חמאה 5יח'</ManufactureItemDescription>
      <UnitQty>גרם</UnitQty>
      <Quantity>500.00</Quantity>
      <UnitOfMeasure>100 גרם</UnitOfMeasure>
      <bIsWeighted>0</bIsWeighted>
      <QtyInPackage>לא ידוע</QtyInPackage>
      <ItemPrice>17.90</ItemPrice>
      <UnitOfMeasurePrice>3.58</UnitOfMeasurePrice>
      <AllowDiscount>1</AllowDiscount>
      <ItemStatus/>
    </Item>
    <Item>
      <PriceUpdateTime>2025-04-20T08:53:23.000</PriceUpdateTime>
      <ItemCode>7290010129003</ItemCode>
      <LastSaleDateTime>2015-01-01T00:00:00.000</LastSaleDateTime>
      <ItemType>1</ItemType>
      <ItemName>עוגיות אוזניים 600גר</ItemName>
      <ManufactureName>לא ידוע</ManufactureName>
      <ManufactureCountry>לא ידוע</ManufactureCountry>
      <ManufactureItemDescription>עוגיות אוזניים 600גר</ManufactureItemDescription>
      <UnitQty>גרם</UnitQty>
      <Quantity>600.00</Quantity>
      <UnitOfMeasure>100 גרם</UnitOfMeasure>
      <bIsWeighted>0</bIsWeighted>
      <QtyInPackage>לא ידוע</QtyInPackage>
      <ItemPrice>18.90</ItemPrice>
      <UnitOfMeasurePrice>3.15</UnitOfMeasurePrice>
      <AllowDiscount>1</AllowDiscount>
      <ItemStatus>2</ItemStatus>
    </Item>
    <Item>
      <PriceUpdateTime>2025-04-20T08:53:23.000</PriceUpdateTime>
      <ItemCode>7290010129027</ItemCode>
      <LastSaleDateTime>2015-01-01T00:00:00.000</LastSaleDateTime>
      <ItemType>1</ItemType>
      <ItemName>עוגיות מרוקאיות 600</ItemName>
      <ManufactureName>השוואת מחירונים</ManufactureName>
      <ManufactureCountry>לא ידוע</ManufactureCountry>
      <ManufactureItemDescription>עוגיות מרוקאיות 600</ManufactureItemDescription>
      <UnitQty>גרם</UnitQty>
      <Quantity>600.00</Quantity>
      <UnitOfMeasure>100 גרם</UnitOfMeasure>
      <bIsWeighted>0</bIsWeighted>
      <QtyInPackage>לא ידוע</QtyInPackage>
      <ItemPrice>18.90</ItemPrice>
      <UnitOfMeasurePrice>3.15</UnitOfMeasurePrice>
      <AllowDiscount>1</AllowDiscount>
      <ItemStatus>2</ItemStatus>
    </Item>
    <Item>
      <PriceUpdateTime>2025-04-20T08:53:23.000</PriceUpdateTime>
      <ItemCode>7290010129348</ItemCode>
      <LastSaleDateTime>2015-01-01T00:00:00.000</LastSaleDateTime>
      <ItemType>1</ItemType>
      <ItemName>עוגיות שוקולד 600 גר</ItemName>
      <ManufactureName>השוואת מחירונים</ManufactureName>
      <ManufactureCountry>לא ידוע</ManufactureCountry>
      <ManufactureItemDescription>עוגיות שוקולד 600 גר</ManufactureItemDescription>
      <UnitQty>גרם</UnitQty>
      <Quantity>600.00</Quantity>
      <UnitOfMeasure>100 גרם</UnitOfMeasure>
      <bIsWeighted>0</bIsWeighted>
      <QtyInPackage>לא ידוע</QtyInPackage>
      <ItemPrice>18.90</ItemPrice>
      <UnitOfMeasurePrice>3.15</UnitOfMeasurePrice>
      <AllowDiscount>1</AllowDiscount>
      <ItemStatus>2</ItemStatus>
    </Item>
    <Item>
      <PriceUpdateTime>2025-04-20T08:53:23.000</PriceUpdateTime>
      <ItemCode>7290010129553</ItemCode>
      <LastSaleDateTime>2015-01-01T00:00:00.000</LastSaleDateTime>
      <ItemType>1</ItemType>
      <ItemName>עוגיות רולדה תמרים 6</ItemName>
      <ManufactureName>לא ידוע</ManufactureName>
      <ManufactureCountry>לא ידוע</ManufactureCountry>
      <ManufactureItemDescription>עוגיות רולדה תמרים 6</ManufactureItemDescription>
      <UnitQty>לא ידוע</UnitQty>
      <Quantity>1.00</Quantity>
      <UnitOfMeasure>יח'</UnitOfMeasure>
      <bIsWeighted>0</bIsWeighted>
      <QtyInPackage>לא ידוע</QtyInPackage>
      <ItemPrice>18.90</ItemPrice>
      <UnitOfMeasurePrice>18.90</UnitOfMeasurePrice>
      <AllowDiscount>1</AllowDiscount>
      <ItemStatus>2</ItemStatus>
    </Item>
    <Item>
      <PriceUpdateTime>2025-04-20T08:53:23.000</PriceUpdateTime>
      <ItemCode>7290010129300</ItemCode>
      <LastSaleDateTime>2015-01-01T00:00:00.000</LastSaleDateTime>
      <ItemType>1</ItemType>
      <ItemName>עוגיות רייף מרוקאיות</ItemName>
      <ManufactureName>לא ידוע</ManufactureName>
      <ManufactureCountry>לא ידוע</ManufactureCountry>
      <ManufactureItemDescription>עוגיות רייף מרוקאיות</ManufactureItemDescription>
      <UnitQty>לא ידוע</UnitQty>
      <Quantity>1.00</Quantity>
      <UnitOfMeasure>יח'</UnitOfMeasure>
      <bIsWeighted>0</bIsWeighted>
      <QtyInPackage>לא ידוע</QtyInPackage>
      <ItemPrice>14.90</ItemPrice>
      <UnitOfMeasurePrice>14.90</UnitOfMeasurePrice>
      <AllowDiscount>1</AllowDiscount>
      <ItemStatus>2</ItemStatus>
    </Item>
    <Item>
      <PriceUpdateTime>2025-04-20T08:53:23.000</PriceUpdateTime>
      <ItemCode>7290008775816</ItemCode>
      <LastSaleDateTime>2026-01-29T18:51:11.000</LastSaleDateTime>
      <ItemType>1</ItemType>
      <ItemName>ערגליות עוגיות במילו</ItemName>
      <ManufactureName>אסם</ManufactureName>
      <ManufactureCountry>ישראל</ManufactureCountry>
      <ManufactureItemDescription>ערגליות עוגיות במילו</ManufactureItemDescription>
      <UnitQty>גרם</UnitQty>
      <Quantity>300.00</Quantity>
      <UnitOfMeasure>100 גרם</UnitOfMeasure>
      <bIsWeighted>0</bIsWeighted>
      <QtyInPackage>לא ידוע</QtyInPackage>
      <ItemPrice>9.90</ItemPrice>
      <UnitOfMeasurePrice>3.30</UnitOfMeasurePrice>
      <AllowDiscount>1</AllowDiscount>
      <ItemStatus/>
    </Item>
    <Item>
      <PriceUpdateTime>2025-04-20T08:53:24.000</PriceUpdateTime>
      <ItemCode>7290011239213</ItemCode>
      <LastSaleDateTime>2026-01-22T10:25:47.000</LastSaleDateTime>
      <ItemType>1</ItemType>
      <ItemName>חטיפים מתוקים -מחרום</ItemName>
      <ManufactureName>לא ידוע</ManufactureName>
      <ManufactureCountry>לא ידוע</ManufactureCountry>
      <ManufactureItemDescription>חטיפים מתוקים -מחרום</ManufactureItemDescription>
      <UnitQty>לא ידוע</UnitQty>
      <Quantity>1.00</Quantity>
      <UnitOfMeasure>יח'</UnitOfMeasure>
      <bIsWeighted>0</bIsWeighted>
      <QtyInPackage>לא ידוע</QtyInPackage>
      <ItemPrice>5.80</ItemPrice>
      <UnitOfMeasurePrice>5.80</UnitOfMeasurePrice>
      <AllowDiscount>1</AllowDiscount>
      <ItemStatus/>
    </Item>
    <Item>
      <PriceUpdateTime>2025-04-20T08:53:26.000</PriceUpdateTime>
      <ItemCode>7290015320047</ItemCode>
      <LastSaleDateTime>2026-01-28T16:29:23.000</LastSaleDateTime>
      <ItemType>1</ItemType>
      <ItemName>עוגיות בטעם חמאה 114</ItemName>
      <ManufactureName>לא ידוע</ManufactureName>
      <ManufactureCountry>לא ידוע</ManufactureCountry>
      <ManufactureItemDescription>עוגיות בטעם חמאה 114</ManufactureItemDescription>
      <UnitQty>גרם</UnitQty>
      <Quantity>114.00</Quantity>
      <UnitOfMeasure>100 גרם</UnitOfMeasure>
      <bIsWeighted>0</bIsWeighted>
      <QtyInPackage>לא ידוע</QtyInPackage>
      <ItemPrice>6.00</ItemPrice>
      <UnitOfMeasurePrice>5.26</UnitOfMeasurePrice>
      <AllowDiscount>1</AllowDiscount>
      <ItemStatus/>
    </Item>
    <Item>
      <PriceUpdateTime>2025-04-20T08:53:27.000</PriceUpdateTime>
      <ItemCode>7290016416961</ItemCode>
      <LastSaleDateTime>2025-07-18T00:00:00.000</LastSaleDateTime>
      <ItemType>1</ItemType>
      <ItemName>עוגת מוס גבינה תות ש</ItemName>
      <ManufactureName>לא ידוע</ManufactureName>
      <ManufactureCountry>לא ידוע</ManufactureCountry>
      <ManufactureItemDescription>עוגת מוס גבינה תות ש</ManufactureItemDescription>
      <UnitQty>גרם</UnitQty>
      <Quantity>400.00</Quantity>
      <UnitOfMeasure>100 גרם</UnitOfMeasure>
      <bIsWeighted>0</bIsWeighted>
      <QtyInPackage>לא ידוע</QtyInPackage>
      <ItemPrice>44.90</ItemPrice>
      <UnitOfMeasurePrice>11.22</UnitOfMeasurePrice>
      <AllowDiscount>1</AllowDiscount>
      <ItemStatus>2</ItemStatus>
    </Item>
    <Item>
      <PriceUpdateTime>2025-04-20T08:53:28.000</PriceUpdateTime>
      <ItemCode>7290017641768</ItemCode>
      <LastSaleDateTime>2026-01-29T16:03:42.000</LastSaleDateTime>
      <ItemType>1</ItemType>
      <ItemName>מרשמלו מסובב ורוד לב</ItemName>
      <ManufactureName>לא ידוע</ManufactureName>
      <ManufactureCountry>לא ידוע</ManufactureCountry>
      <ManufactureItemDescription>מרשמלו מסובב ורוד לב</ManufactureItemDescription>
      <UnitQty>גרם</UnitQty>
      <Quantity>180.00</Quantity>
      <UnitOfMeasure>100 גרם</UnitOfMeasure>
      <bIsWeighted>0</bIsWeighted>
      <QtyInPackage>לא ידוע</QtyInPackage>
      <ItemPrice>6.00</ItemPrice>
      <UnitOfMeasurePrice>3.33</UnitOfMeasurePrice>
      <AllowDiscount>1</AllowDiscount>
      <ItemStatus/>
    </Item>
    <Item>
      <PriceUpdateTime>2025-04-20T08:53:31.000</PriceUpdateTime>
      <ItemCode>7290018893876</ItemCode>
      <LastSaleDateTime>2026-01-29T19:51:42.000</LastSaleDateTime>
      <ItemType>1</ItemType>
      <ItemName>צוקטה עוגות אישיות ו</ItemName>
      <ManufactureName>לא ידוע</ManufactureName>
      <ManufactureCountry>לא ידוע</ManufactureCountry>
      <ManufactureItemDescription>צוקטה עוגות אישיות ו</ManufactureItemDescription>
      <UnitQty>גרם</UnitQty>
      <Quantity>200.00</Quantity>
      <UnitOfMeasure>100 גרם</UnitOfMeasure>
      <bIsWeighted>0</bIsWeighted>
      <QtyInPackage>לא ידוע</QtyInPackage>
      <ItemPrice>10.90</ItemPrice>
      <UnitOfMeasurePrice>5.45</UnitOfMeasurePrice>
      <AllowDiscount>1</AllowDiscount>
      <ItemStatus/>
    </Item>
    <Item>
      <PriceUpdateTime>2025-04-20T08:53:46.000</PriceUpdateTime>
      <ItemCode>7290119030491</ItemCode>
      <LastSaleDateTime>2015-01-01T00:00:00.000</LastSaleDateTime>
      <ItemType>1</ItemType>
      <ItemName>עוגת דבש 450 גר</ItemName>
      <ManufactureName>לא ידוע</ManufactureName>
      <ManufactureCountry>לא ידוע</ManufactureCountry>
      <ManufactureItemDescription>עוגת דבש 450 גר</ManufactureItemDescription>
      <UnitQty>גרם</UnitQty>
      <Quantity>450.00</Quantity>
      <UnitOfMeasure>100 גרם</UnitOfMeasure>
      <bIsWeighted>0</bIsWeighted>
      <QtyInPackage>לא ידוע</QtyInPackage>
      <ItemPrice>18.10</ItemPrice>
      <UnitOfMeasurePrice>4.02</UnitOfMeasurePrice>
      <AllowDiscount>1</AllowDiscount>
      <ItemStatus>2</ItemStatus>
    </Item>
    <Item>
      <PriceUpdateTime>2025-04-20T08:53:46.000</PriceUpdateTime>
      <ItemCode>7290118427445</ItemCode>
      <LastSaleDateTime>2026-01-29T16:03:06.000</LastSaleDateTime>
      <ItemType>1</ItemType>
      <ItemName>מיני קרמוגית שוקו אס</ItemName>
      <ManufactureName>לא ידוע</ManufactureName>
      <ManufactureCountry>לא ידוע</ManufactureCountry>
      <ManufactureItemDescription>מיני קרמוגית שוקו אס</ManufactureItemDescription>
      <UnitQty>גרם</UnitQty>
      <Quantity>200.00</Quantity>
      <UnitOfMeasure>100 גרם</UnitOfMeasure>
      <bIsWeighted>0</bIsWeighted>
      <QtyInPackage>לא ידוע</QtyInPackage>
      <ItemPrice>9.90</ItemPrice>
      <UnitOfMeasurePrice>4.95</UnitOfMeasurePrice>
      <AllowDiscount>1</AllowDiscount>
      <ItemStatus/>
    </Item>
    <Item>
      <PriceUpdateTime>2025-04-20T08:53:47.000</PriceUpdateTime>
      <ItemCode>7290119041299</ItemCode>
      <LastSaleDateTime>2026-01-29T14:22:53.000</LastSaleDateTime>
      <ItemType>1</ItemType>
      <ItemName>אוזני המן טעם פרג 50</ItemName>
      <ManufactureName>לא ידוע</ManufactureName>
      <ManufactureCountry>לא ידוע</ManufactureCountry>
      <ManufactureItemDescription>אוזני המן טעם פרג 50</ManufactureItemDescription>
      <UnitQty>גרם</UnitQty>
      <Quantity>500.00</Quantity>
      <UnitOfMeasure>100 גרם</UnitOfMeasure>
      <bIsWeighted>0</bIsWeighted>
      <QtyInPackage>לא ידוע</QtyInPackage>
      <ItemPrice>13.90</ItemPrice>
      <UnitOfMeasurePrice>2.78</UnitOfMeasurePrice>
      <AllowDiscount>1</AllowDiscount>
      <ItemStatus/>
    </Item>
    <Item>
      <PriceUpdateTime>2025-04-20T08:53:47.000</PriceUpdateTime>
      <ItemCode>7290119041343</ItemCode>
      <LastSaleDateTime>2026-01-29T11:37:20.000</LastSaleDateTime>
      <ItemType>1</ItemType>
      <ItemName>אוזני המן טעם תמרים</ItemName>
      <ManufactureName>לא ידוע</ManufactureName>
      <ManufactureCountry>לא ידוע</ManufactureCountry>
      <ManufactureItemDescription>אוזני המן טעם תמרים</ManufactureItemDescription>
      <UnitQty>גרם</UnitQty>
      <Quantity>500.00</Quantity>
      <UnitOfMeasure>100 גרם</UnitOfMeasure>
      <bIsWeighted>0</bIsWeighted>
      <QtyInPackage>לא ידוע</QtyInPackage>
      <ItemPrice>13.90</ItemPrice>
      <UnitOfMeasurePrice>2.78</UnitOfMeasurePrice>
      <AllowDiscount>1</AllowDiscount>
      <ItemStatus/>
    </Item>
    <Item>
      <PriceUpdateTime>2025-04-20T08:53:47.000</PriceUpdateTime>
      <ItemCode>7290119041398</ItemCode>
      <LastSaleDateTime>2026-01-29T17:39:00.000</LastSaleDateTime>
      <ItemType>1</ItemType>
      <ItemName>אוזני המן טעם שוקולד</ItemName>
      <ManufactureName>לא ידוע</ManufactureName>
      <ManufactureCountry>לא ידוע</ManufactureCountry>
      <ManufactureItemDescription>אוזני המן טעם שוקולד</ManufactureItemDescription>
      <UnitQty>גרם</UnitQty>
      <Quantity>500.00</Quantity>
      <UnitOfMeasure>100 גרם</UnitOfMeasure>
      <bIsWeighted>0</bIsWeighted>
      <QtyInPackage>לא ידוע</QtyInPackage>
      <ItemPrice>13.90</ItemPrice>
      <UnitOfMeasurePrice>2.78</UnitOfMeasurePrice>
      <AllowDiscount>1</AllowDiscount>
      <ItemStatus/>
    </Item>
    <Item>
      <PriceUpdateTime>2025-04-20T08:53:47.000</PriceUpdateTime>
      <ItemCode>7290119039791</ItemCode>
      <LastSaleDateTime>2025-08-01T00:00:00.000</LastSaleDateTime>
      <ItemType>1</ItemType>
      <ItemName>עוגת פס גבינה אוכמני</ItemName>
      <ManufactureName>לא ידוע</ManufactureName>
      <ManufactureCountry>לא ידוע</ManufactureCountry>
      <ManufactureItemDescription>עוגת פס גבינה אוכמני</ManufactureItemDescription>
      <UnitQty>גרם</UnitQty>
      <Quantity>400.00</Quantity>
      <UnitOfMeasure>100 גרם</UnitOfMeasure>
      <bIsWeighted>0</bIsWeighted>
      <QtyInPackage>לא ידוע</QtyInPackage>
      <ItemPrice>44.90</ItemPrice>
      <UnitOfMeasurePrice>11.22</UnitOfMeasurePrice>
      <AllowDiscount>1</AllowDiscount>
      <ItemStatus>2</ItemStatus>
    </Item>
    <Item>
      <PriceUpdateTime>2025-04-20T08:53:47.000</PriceUpdateTime>
      <ItemCode>7290119056507</ItemCode>
      <LastSaleDateTime>2015-01-01T00:00:00.000</LastSaleDateTime>
      <ItemType>1</ItemType>
      <ItemName>עוגיות טריקולד 180 ג</ItemName>
      <ManufactureName>לא ידוע</ManufactureName>
      <ManufactureCountry>לא ידוע</ManufactureCountry>
      <ManufactureItemDescription>עוגיות טריקולד 180 ג</ManufactureItemDescription>
      <UnitQty>גרם</UnitQty>
      <Quantity>180.00</Quantity>
      <UnitOfMeasure>100 גרם</UnitOfMeasure>
      <bIsWeighted>0</bIsWeighted>
      <QtyInPackage>לא ידוע</QtyInPackage>
      <ItemPrice>8.00</ItemPrice>
      <UnitOfMeasurePrice>4.44</UnitOfMeasurePrice>
      <AllowDiscount>1</AllowDiscount>
      <ItemStatus>2</ItemStatus>
    </Item>
    <Item>
      <PriceUpdateTime>2025-04-20T08:53:48.000</PriceUpdateTime>
      <ItemCode>7290119500581</ItemCode>
      <LastSaleDateTime>2026-01-29T20:29:02.000</LastSaleDateTime>
      <ItemType>1</ItemType>
      <ItemName>טוסו שוקולד חלב ושבר</ItemName>
      <ManufactureName>לא ידוע</ManufactureName>
      <ManufactureCountry>לא ידוע</ManufactureCountry>
      <ManufactureItemDescription>טוסו שוקולד חלב ושבר</ManufactureItemDescription>
      <UnitQty>גרם</UnitQty>
      <Quantity>100.00</Quantity>
      <UnitOfMeasure>100 גרם</UnitOfMeasure>
      <bIsWeighted>0</bIsWeighted>
      <QtyInPackage>לא ידוע</QtyInPackage>
      <ItemPrice>15.90</ItemPrice>
      <UnitOfMeasurePrice>15.90</UnitOfMeasurePrice>
      <AllowDiscount>1</AllowDiscount>
      <ItemStatus/>
    </Item>
    <Item>
      <PriceUpdateTime>2025-04-20T08:53:54.000</PriceUpdateTime>
      <ItemCode>8005803010586</ItemCode>
      <LastSaleDateTime>2026-01-28T14:56:02.000</LastSaleDateTime>
      <ItemType>1</ItemType>
      <ItemName>גרסיני פיצה 125 גר</ItemName>
      <ManufactureName>לא ידוע</ManufactureName>
      <ManufactureCountry>לא ידוע</ManufactureCountry>
      <ManufactureItemDescription>גרסיני פיצה 125 גר</ManufactureItemDescription>
      <UnitQty>גרם</UnitQty>
      <Quantity>125.00</Quantity>
      <UnitOfMeasure>100 גרם</UnitOfMeasure>
      <bIsWeighted>0</bIsWeighted>
      <QtyInPackage>לא ידוע</QtyInPackage>
      <ItemPrice>7.00</ItemPrice>
      <UnitOfMeasurePrice>5.60</UnitOfMeasurePrice>
      <AllowDiscount>1</AllowDiscount>
      <ItemStatus/>
    </Item>
    <Item>
      <PriceUpdateTime>2025-04-20T08:53:56.000</PriceUpdateTime>
      <ItemCode>8850632604372</ItemCode>
      <LastSaleDateTime>2026-01-28T15:28:13.000</LastSaleDateTime>
      <ItemType>1</ItemType>
      <ItemName>חמצוצים שטיח בטעם תו</ItemName>
      <ManufactureName>יוגוטה</ManufactureName>
      <ManufactureCountry>לא ידוע</ManufactureCountry>
      <ManufactureItemDescription>חמצוצים שטיח בטעם תו</ManufactureItemDescription>
      <UnitQty>גרם</UnitQty>
      <Quantity>50.00</Quantity>
      <UnitOfMeasure>100 גרם</UnitOfMeasure>
      <bIsWeighted>0</bIsWeighted>
      <QtyInPackage>לא ידוע</QtyInPackage>
      <ItemPrice>3.80</ItemPrice>
      <UnitOfMeasurePrice>7.60</UnitOfMeasurePrice>
      <AllowDiscount>1</AllowDiscount>
      <ItemStatus/>
    </Item>
    <Item>
      <PriceUpdateTime>2025-04-20T08:53:56.000</PriceUpdateTime>
      <ItemCode>9002975000550</ItemCode>
      <LastSaleDateTime>2026-01-29T21:20:03.000</LastSaleDateTime>
      <ItemType>1</ItemType>
      <ItemName>הריבו סוכריות סאוור</ItemName>
      <ManufactureName>לא ידוע</ManufactureName>
      <ManufactureCountry>לא ידוע</ManufactureCountry>
      <ManufactureItemDescription>הריבו סוכריות סאוור</ManufactureItemDescription>
      <UnitQty>גרם</UnitQty>
      <Quantity>70.00</Quantity>
      <UnitOfMeasure>100 גרם</UnitOfMeasure>
      <bIsWeighted>0</bIsWeighted>
      <QtyInPackage>לא ידוע</QtyInPackage>
      <ItemPrice>8.80</ItemPrice>
      <UnitOfMeasurePrice>12.57</UnitOfMeasurePrice>
      <AllowDiscount>1</AllowDiscount>
      <ItemStatus/>
    </Item>
    <Item>
      <PriceUpdateTime>2025-04-20T08:53:57.000</PriceUpdateTime>
      <ItemCode>9310072028743</ItemCode>
      <LastSaleDateTime>2026-01-29T21:28:25.000</LastSaleDateTime>
      <ItemType>1</ItemType>
      <ItemName>טים טם ביסקוויט במיל</ItemName>
      <ManufactureName>טים טם</ManufactureName>
      <ManufactureCountry>לא ידוע</ManufactureCountry>
      <ManufactureItemDescription>טים טם ביסקוויט במיל</ManufactureItemDescription>
      <UnitQty>גרם</UnitQty>
      <Quantity>200.00</Quantity>
      <UnitOfMeasure>100 גרם</UnitOfMeasure>
      <bIsWeighted>0</bIsWeighted>
      <QtyInPackage>לא ידוע</QtyInPackage>
      <ItemPrice>22.90</ItemPrice>
      <UnitOfMeasurePrice>11.45</UnitOfMeasurePrice>
      <AllowDiscount>1</AllowDiscount>
      <ItemStatus/>
    </Item>
    <Item>
      <PriceUpdateTime>2025-04-20T08:54:06.000</PriceUpdateTime>
      <ItemCode>7290008464109</ItemCode>
      <LastSaleDateTime>2025-12-04T00:00:00.000</LastSaleDateTime>
      <ItemType>1</ItemType>
      <ItemName>בירה גולדסטאר 330 מ"</ItemName>
      <ManufactureName>טמפו</ManufactureName>
      <ManufactureCountry>לא ידוע</ManufactureCountry>
      <ManufactureItemDescription>בירה גולדסטאר 330 מ"</ManufactureItemDescription>
      <UnitQty>לא ידוע</UnitQty>
      <Quantity>330.00</Quantity>
      <UnitOfMeasure>100 מ"ל</UnitOfMeasure>
      <bIsWeighted>0</bIsWeighted>
      <QtyInPackage>לא ידוע</QtyInPackage>
      <ItemPrice>8.00</ItemPrice>
      <UnitOfMeasurePrice>0.02</UnitOfMeasurePrice>
      <AllowDiscount>1</AllowDiscount>
      <ItemStatus/>
    </Item>
    <Item>
      <PriceUpdateTime>2025-04-20T08:54:06.000</PriceUpdateTime>
      <ItemCode>7290008464208</ItemCode>
      <LastSaleDateTime>2026-01-25T09:08:47.000</LastSaleDateTime>
      <ItemType>1</ItemType>
      <ItemName>בירה מכבי 7.9 330 מל</ItemName>
      <ManufactureName>לא ידוע</ManufactureName>
      <ManufactureCountry>לא ידוע</ManufactureCountry>
      <ManufactureItemDescription>בירה מכבי 7.9 330 מל</ManufactureItemDescription>
      <UnitQty>לא ידוע</UnitQty>
      <Quantity>330.00</Quantity>
      <UnitOfMeasure>100 מ"ל</UnitOfMeasure>
      <bIsWeighted>0</bIsWeighted>
      <QtyInPackage>לא ידוע</QtyInPackage>
      <ItemPrice>7.10</ItemPrice>
      <UnitOfMeasurePrice>0.02</UnitOfMeasurePrice>
      <AllowDiscount>1</AllowDiscount>
      <ItemStatus/>
    </Item>
    <Item>
      <PriceUpdateTime>2025-04-20T08:54:06.000</PriceUpdateTime>
      <ItemCode>7290002542506</ItemCode>
      <LastSaleDateTime>2015-01-01T00:00:00.000</LastSaleDateTime>
      <ItemType>1</ItemType>
      <ItemName>בירה קורונה 355 מ"ל</ItemName>
      <ManufactureName>לא ידוע</ManufactureName>
      <ManufactureCountry>לא ידוע</ManufactureCountry>
      <ManufactureItemDescription>בירה קורונה 355 מ"ל</ManufactureItemDescription>
      <UnitQty>לא ידוע</UnitQty>
      <Quantity>355.00</Quantity>
      <UnitOfMeasure>100 מ"ל</UnitOfMeasure>
      <bIsWeighted>0</bIsWeighted>
      <QtyInPackage>לא ידוע</QtyInPackage>
      <ItemPrice>8.00</ItemPrice>
      <UnitOfMeasurePrice>0.02</UnitOfMeasurePrice>
      <AllowDiscount>1</AllowDiscount>
      <ItemStatus>2</ItemStatus>
    </Item>
    <Item>
      <PriceUpdateTime>2025-04-20T08:54:06.000</PriceUpdateTime>
      <ItemCode>7290002542506</ItemCode>
      <LastSaleDateTime>2015-01-01T00:00:00.000</LastSaleDateTime>
      <ItemType>1</ItemType>
      <ItemName>בירה קורונה 355 מ"ל</ItemName>
      <ManufactureName>לא ידוע</ManufactureName>
      <ManufactureCountry>לא ידוע</ManufactureCountry>
      <ManufactureItemDescription>בירה קורונה 355 מ"ל</ManufactureItemDescription>
      <UnitQty>לא ידוע</UnitQty>
      <Quantity>355.00</Quantity>
      <UnitOfMeasure>100 מ"ל</UnitOfMeasure>
      <bIsWeighted>0</bIsWeighted>
      <QtyInPackage>לא ידוע</QtyInPackage>
      <ItemPrice>8.00</ItemPrice>
      <UnitOfMeasurePrice>0.02</UnitOfMeasurePrice>
      <AllowDiscount>1</AllowDiscount>
      <ItemStatus/>
    </Item>
    <Item>
      <PriceUpdateTime>2025-04-20T08:54:07.000</PriceUpdateTime>
      <ItemCode>851621000050</ItemCode>
      <LastSaleDateTime>2026-01-29T15:07:34.000</LastSaleDateTime>
      <ItemType>1</ItemType>
      <ItemName>שישיית 1664 בלאנק בק</ItemName>
      <ManufactureName>לא ידוע</ManufactureName>
      <ManufactureCountry>לא ידוע</ManufactureCountry>
      <ManufactureItemDescription>שישיית 1664 בלאנק בק</ManufactureItemDescription>
      <UnitQty>לא ידוע</UnitQty>
      <Quantity>1.00</Quantity>
      <UnitOfMeasure>יח'</UnitOfMeasure>
      <bIsWeighted>0</bIsWeighted>
      <QtyInPackage>לא ידוע</QtyInPackage>
      <ItemPrice>44.30</ItemPrice>
      <UnitOfMeasurePrice>44.30</UnitOfMeasurePrice>
      <AllowDiscount>1</AllowDiscount>
      <ItemStatus/>
    </Item>
    <Item>
      <PriceUpdateTime>2025-04-20T08:54:07.000</PriceUpdateTime>
      <ItemCode>4002103250487</ItemCode>
      <LastSaleDateTime>2015-01-01T00:00:00.000</LastSaleDateTime>
      <ItemType>1</ItemType>
      <ItemName>ארדינגר בהירה 500 מ"</ItemName>
      <ManufactureName>לא ידוע</ManufactureName>
      <ManufactureCountry>לא ידוע</ManufactureCountry>
      <ManufactureItemDescription>ארדינגר בהירה 500 מ"</ManufactureItemDescription>
      <UnitQty>לא ידוע</UnitQty>
      <Quantity>500.00</Quantity>
      <UnitOfMeasure>100 מ"ל</UnitOfMeasure>
      <bIsWeighted>0</bIsWeighted>
      <QtyInPackage>לא ידוע</QtyInPackage>
      <ItemPrice>11.10</ItemPrice>
      <UnitOfMeasurePrice>0.02</UnitOfMeasurePrice>
      <AllowDiscount>1</AllowDiscount>
      <ItemStatus>2</ItemStatus>
    </Item>
    <Item>
      <PriceUpdateTime>2025-04-20T08:54:07.000</PriceUpdateTime>
      <ItemCode>4002103250487</ItemCode>
      <LastSaleDateTime>2015-01-01T00:00:00.000</LastSaleDateTime>
      <ItemType>1</ItemType>
      <ItemName>ארדינגר בהירה 500 מ"</ItemName>
      <ManufactureName>לא ידוע</ManufactureName>
      <ManufactureCountry>לא ידוע</ManufactureCountry>
      <ManufactureItemDescription>ארדינגר בהירה 500 מ"</ManufactureItemDescription>
      <UnitQty>לא ידוע</UnitQty>
      <Quantity>500.00</Quantity>
      <UnitOfMeasure>100 מ"ל</UnitOfMeasure>
      <bIsWeighted>0</bIsWeighted>
      <QtyInPackage>לא ידוע</QtyInPackage>
      <ItemPrice>11.10</ItemPrice>
      <UnitOfMeasurePrice>0.02</UnitOfMeasurePrice>
      <AllowDiscount>1</AllowDiscount>
      <ItemStatus/>
    </Item>
    <Item>
      <PriceUpdateTime>2025-04-20T08:54:07.000</PriceUpdateTime>
      <ItemCode>3014409005471</ItemCode>
      <LastSaleDateTime>2015-01-01T00:00:00.000</LastSaleDateTime>
      <ItemType>1</ItemType>
      <ItemName>פסטיס פרדו 1לי</ItemName>
      <ManufactureName>לא ידוע</ManufactureName>
      <ManufactureCountry>לא ידוע</ManufactureCountry>
      <ManufactureItemDescription>פסטיס פרדו 1לי</ManufactureItemDescription>
      <UnitQty>לא ידוע</UnitQty>
      <Quantity>1.00</Quantity>
      <UnitOfMeasure>יח'</UnitOfMeasure>
      <bIsWeighted>0</bIsWeighted>
      <QtyInPackage>לא ידוע</QtyInPackage>
      <ItemPrice>101.00</ItemPrice>
      <UnitOfMeasurePrice>101.00</UnitOfMeasurePrice>
      <AllowDiscount>1</AllowDiscount>
      <ItemStatus>2</ItemStatus>
    </Item>
    <Item>
      <PriceUpdateTime>2025-04-20T08:54:07.000</PriceUpdateTime>
      <ItemCode>3014409005471</ItemCode>
      <LastSaleDateTime>2015-01-01T00:00:00.000</LastSaleDateTime>
      <ItemType>1</ItemType>
      <ItemName>פסטיס פרדו 1לי</ItemName>
      <ManufactureName>לא ידוע</ManufactureName>
      <ManufactureCountry>לא ידוע</ManufactureCountry>
      <ManufactureItemDescription>פסטיס פרדו 1לי</ManufactureItemDescription>
      <UnitQty>לא ידוע</UnitQty>
      <Quantity>1.00</Quantity>
      <UnitOfMeasure>יח'</UnitOfMeasure>
      <bIsWeighted>0</bIsWeighted>
      <QtyInPackage>לא ידוע</QtyInPackage>
      <ItemPrice>101.00</ItemPrice>
      <UnitOfMeasurePrice>101.00</UnitOfMeasurePrice>
      <AllowDiscount>1</AllowDiscount>
      <ItemStatus/>
    </Item>
    <Item>
      <PriceUpdateTime>2025-04-20T08:54:07.000</PriceUpdateTime>
      <ItemCode>633824111838</ItemCode>
      <LastSaleDateTime>2015-01-01T00:00:00.000</LastSaleDateTime>
      <ItemType>1</ItemType>
      <ItemName>ואן גוך אננס 750</ItemName>
      <ManufactureName>לא ידוע</ManufactureName>
      <ManufactureCountry>לא ידוע</ManufactureCountry>
      <ManufactureItemDescription>ואן גוך אננס 750</ManufactureItemDescription>
      <UnitQty>לא ידוע</UnitQty>
      <Quantity>750.00</Quantity>
      <UnitOfMeasure>100 מ"ל</UnitOfMeasure>
      <bIsWeighted>0</bIsWeighted>
      <QtyInPackage>לא ידוע</QtyInPackage>
      <ItemPrice>191.90</ItemPrice>
      <UnitOfMeasurePrice>0.26</UnitOfMeasurePrice>
      <AllowDiscount>1</AllowDiscount>
      <ItemStatus>2</ItemStatus>
    </Item>
    <Item>
      <PriceUpdateTime>2025-04-20T08:54:07.000</PriceUpdateTime>
      <ItemCode>633824111838</ItemCode>
      <LastSaleDateTime>2015-01-01T00:00:00.000</LastSaleDateTime>
      <ItemType>1</ItemType>
      <ItemName>ואן גוך אננס 750</ItemName>
      <ManufactureName>לא ידוע</ManufactureName>
      <ManufactureCountry>לא ידוע</ManufactureCountry>
      <ManufactureItemDescription>ואן גוך אננס 750</ManufactureItemDescription>
      <UnitQty>לא ידוע</UnitQty>
      <Quantity>750.00</Quantity>
      <UnitOfMeasure>100 מ"ל</UnitOfMeasure>
      <bIsWeighted>0</bIsWeighted>
      <QtyInPackage>לא ידוע</QtyInPackage>
      <ItemPrice>191.90</ItemPrice>
      <UnitOfMeasurePrice>0.26</UnitOfMeasurePrice>
      <AllowDiscount>1</AllowDiscount>
      <ItemStatus/>
    </Item>
    <Item>
      <PriceUpdateTime>2025-04-20T08:54:07.000</PriceUpdateTime>
      <ItemCode>633824913432</ItemCode>
      <LastSaleDateTime>2015-01-01T00:00:00.000</LastSaleDateTime>
      <ItemType>1</ItemType>
      <ItemName>ואן גוך אסאי 750</ItemName>
      <ManufactureName>לא ידוע</ManufactureName>
      <ManufactureCountry>לא ידוע</ManufactureCountry>
      <ManufactureItemDescription>ואן גוך אסאי 750</ManufactureItemDescription>
      <UnitQty>לא ידוע</UnitQty>
      <Quantity>750.00</Quantity>
      <UnitOfMeasure>100 מ"ל</UnitOfMeasure>
      <bIsWeighted>0</bIsWeighted>
      <QtyInPackage>לא ידוע</QtyInPackage>
      <ItemPrice>191.90</ItemPrice>
      <UnitOfMeasurePrice>0.26</UnitOfMeasurePrice>
      <AllowDiscount>1</AllowDiscount>
      <ItemStatus>2</ItemStatus>
    </Item>
    <Item>
      <PriceUpdateTime>2025-04-20T08:54:07.000</PriceUpdateTime>
      <ItemCode>633824913432</ItemCode>
      <LastSaleDateTime>2015-01-01T00:00:00.000</LastSaleDateTime>
      <ItemType>1</ItemType>
      <ItemName>ואן גוך אסאי 750</ItemName>
      <ManufactureName>לא ידוע</ManufactureName>
      <ManufactureCountry>לא ידוע</ManufactureCountry>
      <ManufactureItemDescription>ואן גוך אסאי 750</ManufactureItemDescription>
      <UnitQty>לא ידוע</UnitQty>
      <Quantity>750.00</Quantity>
      <UnitOfMeasure>100 מ"ל</UnitOfMeasure>
      <bIsWeighted>0</bIsWeighted>
      <QtyInPackage>לא ידוע</QtyInPackage>
      <ItemPrice>191.90</ItemPrice>
      <UnitOfMeasurePrice>0.26</UnitOfMeasurePrice>
      <AllowDiscount>1</AllowDiscount>
      <ItemStatus/>
    </Item>
    <Item>
      <PriceUpdateTime>2025-04-20T08:54:07.000</PriceUpdateTime>
      <ItemCode>786150000274</ItemCode>
      <LastSaleDateTime>2015-01-01T00:00:00.000</LastSaleDateTime>
      <ItemType>1</ItemType>
      <ItemName>לף בראון בקבוק 330 מ</ItemName>
      <ManufactureName>לא ידוע</ManufactureName>
      <ManufactureCountry>לא ידוע</ManufactureCountry>
      <ManufactureItemDescription>לף בראון בקבוק 330 מ</ManufactureItemDescription>
      <UnitQty>לא ידוע</UnitQty>
      <Quantity>330.00</Quantity>
      <UnitOfMeasure>100 מ"ל</UnitOfMeasure>
      <bIsWeighted>0</bIsWeighted>
      <QtyInPackage>לא ידוע</QtyInPackage>
      <ItemPrice>10.00</ItemPrice>
      <UnitOfMeasurePrice>0.03</UnitOfMeasurePrice>
      <AllowDiscount>1</AllowDiscount>
      <ItemStatus>2</ItemStatus>
    </Item>
    <Item>
      <PriceUpdateTime>2025-04-20T08:54:07.000</PriceUpdateTime>
      <ItemCode>786150000274</ItemCode>
      <LastSaleDateTime>2015-01-01T00:00:00.000</LastSaleDateTime>
      <ItemType>1</ItemType>
      <ItemName>לף בראון בקבוק 330 מ</ItemName>
      <ManufactureName>לא ידוע</ManufactureName>
      <ManufactureCountry>לא ידוע</ManufactureCountry>
      <ManufactureItemDescription>לף בראון בקבוק 330 מ</ManufactureItemDescription>
      <UnitQty>לא ידוע</UnitQty>
      <Quantity>330.00</Quantity>
      <UnitOfMeasure>100 מ"ל</UnitOfMeasure>
      <bIsWeighted>0</bIsWeighted>
      <QtyInPackage>לא ידוע</QtyInPackage>
      <ItemPrice>10.00</ItemPrice>
      <UnitOfMeasurePrice>0.03</UnitOfMeasurePrice>
      <AllowDiscount>1</AllowDiscount>
      <ItemStatus/>
    </Item>
    <Item>
      <PriceUpdateTime>2025-04-20T08:54:07.000</PriceUpdateTime>
      <ItemCode>786150000281</ItemCode>
      <LastSaleDateTime>2026-01-29T21:50:26.000</LastSaleDateTime>
      <ItemType>1</ItemType>
      <ItemName>בירה לף בראון בקבוק</ItemName>
      <ManufactureName>לא ידוע</ManufactureName>
      <ManufactureCountry>לא ידוע</ManufactureCountry>
      <ManufactureItemDescription>בירה לף בראון בקבוק</ManufactureItemDescription>
      <UnitQty>ליטר</UnitQty>
      <Quantity>1.98</Quantity>
      <UnitOfMeasure>ליטר    </UnitOfMeasure>
      <bIsWeighted>0</bIsWeighted>
      <QtyInPackage>לא ידוע</QtyInPackage>
      <ItemPrice>39.90</ItemPrice>
      <UnitOfMeasurePrice>20.15</UnitOfMeasurePrice>
      <AllowDiscount>1</AllowDiscount>
      <ItemStatus/>
    </Item>
    <Item>
      <PriceUpdateTime>2025-04-20T08:54:08.000</PriceUpdateTime>
      <ItemCode>4066600612049</ItemCode>
      <LastSaleDateTime>2015-01-01T00:00:00.000</LastSaleDateTime>
      <ItemType>1</ItemType>
      <ItemName>פאולנר אוקטוברפסט בק</ItemName>
      <ManufactureName>לא ידוע</ManufactureName>
      <ManufactureCountry>לא ידוע</ManufactureCountry>
      <ManufactureItemDescription>פאולנר אוקטוברפסט בק</ManufactureItemDescription>
      <UnitQty>לא ידוע</UnitQty>
      <Quantity>500.00</Quantity>
      <UnitOfMeasure>100 מ"ל</UnitOfMeasure>
      <bIsWeighted>0</bIsWeighted>
      <QtyInPackage>לא ידוע</QtyInPackage>
      <ItemPrice>11.90</ItemPrice>
      <UnitOfMeasurePrice>0.02</UnitOfMeasurePrice>
      <AllowDiscount>1</AllowDiscount>
      <ItemStatus>2</ItemStatus>
    </Item>
    <Item>
      <PriceUpdateTime>2025-04-20T08:54:08.000</PriceUpdateTime>
      <ItemCode>4066600612049</ItemCode>
      <LastSaleDateTime>2015-01-01T00:00:00.000</LastSaleDateTime>
      <ItemType>1</ItemType>
      <ItemName>פאולנר אוקטוברפסט בק</ItemName>
      <ManufactureName>לא ידוע</ManufactureName>
      <ManufactureCountry>לא ידוע</ManufactureCountry>
      <ManufactureItemDescription>פאולנר אוקטוברפסט בק</ManufactureItemDescription>
      <UnitQty>לא ידוע</UnitQty>
      <Quantity>500.00</Quantity>
      <UnitOfMeasure>100 מ"ל</UnitOfMeasure>
      <bIsWeighted>0</bIsWeighted>
      <QtyInPackage>לא ידוע</QtyInPackage>
      <ItemPrice>11.90</ItemPrice>
      <UnitOfMeasurePrice>0.02</UnitOfMeasurePrice>
      <AllowDiscount>1</AllowDiscount>
      <ItemStatus/>
    </Item>
    <Item>
      <PriceUpdateTime>2025-04-20T08:54:08.000</PriceUpdateTime>
      <ItemCode>4013227013414</ItemCode>
      <LastSaleDateTime>2026-01-06T19:48:01.000</LastSaleDateTime>
      <ItemType>1</ItemType>
      <ItemName>פינה קולדה 70 כשר</ItemName>
      <ManufactureName>קוימנס</ManufactureName>
      <ManufactureCountry>הולנד</ManufactureCountry>
      <ManufactureItemDescription>פינה קולדה 70</ManufactureItemDescription>
      <UnitQty>לא ידוע</UnitQty>
      <Quantity>750.00</Quantity>
      <UnitOfMeasure>100 מ"ל</UnitOfMeasure>
      <bIsWeighted>0</bIsWeighted>
      <QtyInPackage>לא ידוע</QtyInPackage>
      <ItemPrice>44.90</ItemPrice>
      <UnitOfMeasurePrice>0.06</UnitOfMeasurePrice>
      <AllowDiscount>1</AllowDiscount>
      <ItemStatus/>
    </Item>
    <Item>
      <PriceUpdateTime>2025-04-20T08:54:08.000</PriceUpdateTime>
      <ItemCode>4014388000213</ItemCode>
      <LastSaleDateTime>2015-01-01T00:00:00.000</LastSaleDateTime>
      <ItemType>1</ItemType>
      <ItemName>פחית בירה רדברגר 500</ItemName>
      <ManufactureName>לא ידוע</ManufactureName>
      <ManufactureCountry>לא ידוע</ManufactureCountry>
      <ManufactureItemDescription>פחית בירה רדברגר 500</ManufactureItemDescription>
      <UnitQty>לא ידוע</UnitQty>
      <Quantity>500.00</Quantity>
      <UnitOfMeasure>100 מ"ל</UnitOfMeasure>
      <bIsWeighted>0</bIsWeighted>
      <QtyInPackage>לא ידוע</QtyInPackage>
      <ItemPrice>9.00</ItemPrice>
      <UnitOfMeasurePrice>0.02</UnitOfMeasurePrice>
      <AllowDiscount>1</AllowDiscount>
      <ItemStatus>2</ItemStatus>
    </Item>
    <Item>
      <PriceUpdateTime>2025-04-20T08:54:08.000</PriceUpdateTime>
      <ItemCode>4014388000213</ItemCode>
      <LastSaleDateTime>2015-01-01T00:00:00.000</LastSaleDateTime>
      <ItemType>1</ItemType>
      <ItemName>פחית בירה רדברגר 500</ItemName>
      <ManufactureName>לא ידוע</ManufactureName>
      <ManufactureCountry>לא ידוע</ManufactureCountry>
      <ManufactureItemDescription>פחית בירה רדברגר 500</ManufactureItemDescription>
      <UnitQty>לא ידוע</UnitQty>
      <Quantity>500.00</Quantity>
      <UnitOfMeasure>100 מ"ל</UnitOfMeasure>
      <bIsWeighted>0</bIsWeighted>
      <QtyInPackage>לא ידוע</QtyInPackage>
      <ItemPrice>9.00</ItemPrice>
      <UnitOfMeasurePrice>0.02</UnitOfMeasurePrice>
      <AllowDiscount>1</AllowDiscount>
      <ItemStatus/>
    </Item>
    <Item>
      <PriceUpdateTime>2025-04-20T08:54:08.000</PriceUpdateTime>
      <ItemCode>4008287051032</ItemCode>
      <LastSaleDateTime>2026-01-29T18:05:22.000</LastSaleDateTime>
      <ItemType>1</ItemType>
      <ItemName>קרומבאכר פחית בקבוק</ItemName>
      <ManufactureName>לא ידוע</ManufactureName>
      <ManufactureCountry>לא ידוע</ManufactureCountry>
      <ManufactureItemDescription>קרומבאכר פחית בקבוק</ManufactureItemDescription>
      <UnitQty>לא ידוע</UnitQty>
      <Quantity>500.00</Quantity>
      <UnitOfMeasure>100 מ"ל</UnitOfMeasure>
      <bIsWeighted>0</bIsWeighted>
      <QtyInPackage>לא ידוע</QtyInPackage>
      <ItemPrice>9.90</ItemPrice>
      <UnitOfMeasurePrice>0.02</UnitOfMeasurePrice>
      <AllowDiscount>1</AllowDiscount>
      <ItemStatus/>
    </Item>
    <Item>
      <PriceUpdateTime>2025-04-20T08:54:08.000</PriceUpdateTime>
      <ItemCode>4008287058161</ItemCode>
      <LastSaleDateTime>2015-01-01T00:00:00.000</LastSaleDateTime>
      <ItemType>1</ItemType>
      <ItemName>קרומבכר בירה בהירה 6</ItemName>
      <ManufactureName>לא ידוע</ManufactureName>
      <ManufactureCountry>לא ידוע</ManufactureCountry>
      <ManufactureItemDescription>קרומבכר בירה בהירה 6</ManufactureItemDescription>
      <UnitQty>ליטר</UnitQty>
      <Quantity>1.80</Quantity>
      <UnitOfMeasure>ליטר    </UnitOfMeasure>
      <bIsWeighted>0</bIsWeighted>
      <QtyInPackage>לא ידוע</QtyInPackage>
      <ItemPrice>34.90</ItemPrice>
      <UnitOfMeasurePrice>19.39</UnitOfMeasurePrice>
      <AllowDiscount>1</AllowDiscount>
      <ItemStatus>2</ItemStatus>
    </Item>
    <Item>
      <PriceUpdateTime>2025-04-20T08:54:08.000</PriceUpdateTime>
      <ItemCode>4008287058161</ItemCode>
      <LastSaleDateTime>2015-01-01T00:00:00.000</LastSaleDateTime>
      <ItemType>1</ItemType>
      <ItemName>קרומבכר בירה בהירה 6</ItemName>
      <ManufactureName>לא ידוע</ManufactureName>
      <ManufactureCountry>לא ידוע</ManufactureCountry>
      <ManufactureItemDescription>קרומבכר בירה בהירה 6</ManufactureItemDescription>
      <UnitQty>ליטר</UnitQty>
      <Quantity>1.80</Quantity>
      <UnitOfMeasure>ליטר    </UnitOfMeasure>
      <bIsWeighted>0</bIsWeighted>
      <QtyInPackage>לא ידוע</QtyInPackage>
      <ItemPrice>34.90</ItemPrice>
      <UnitOfMeasurePrice>19.39</UnitOfMeasurePrice>
      <AllowDiscount>1</AllowDiscount>
      <ItemStatus/>
    </Item>
    <Item>
      <PriceUpdateTime>2025-04-20T08:54:08.000</PriceUpdateTime>
      <ItemCode>4008287762020</ItemCode>
      <LastSaleDateTime>2025-09-11T00:00:00.000</LastSaleDateTime>
      <ItemType>1</ItemType>
      <ItemName>קרומבאכר וואיזן בקבו</ItemName>
      <ManufactureName>לא ידוע</ManufactureName>
      <ManufactureCountry>לא ידוע</ManufactureCountry>
      <ManufactureItemDescription>קרומבאכר וואיזן בקבו</ManufactureItemDescription>
      <UnitQty>לא ידוע</UnitQty>
      <Quantity>500.00</Quantity>
      <UnitOfMeasure>100 מ"ל</UnitOfMeasure>
      <bIsWeighted>0</bIsWeighted>
      <QtyInPackage>לא ידוע</QtyInPackage>
      <ItemPrice>9.90</ItemPrice>
      <UnitOfMeasurePrice>0.02</UnitOfMeasurePrice>
      <AllowDiscount>1</AllowDiscount>
      <ItemStatus>2</ItemStatus>
    </Item>
    <Item>
      <PriceUpdateTime>2025-04-20T08:54:08.000</PriceUpdateTime>
      <ItemCode>4008287762020</ItemCode>
      <LastSaleDateTime>2025-09-11T00:00:00.000</LastSaleDateTime>
      <ItemType>1</ItemType>
      <ItemName>קרומבאכר וואיזן בקבו</ItemName>
      <ManufactureName>לא ידוע</ManufactureName>
      <ManufactureCountry>לא ידוע</ManufactureCountry>
      <ManufactureItemDescription>קרומבאכר וואיזן בקבו</ManufactureItemDescription>
      <UnitQty>לא ידוע</UnitQty>
      <Quantity>500.00</Quantity>
      <UnitOfMeasure>100 מ"ל</UnitOfMeasure>
      <bIsWeighted>0</bIsWeighted>
      <QtyInPackage>לא ידוע</QtyInPackage>
      <ItemPrice>9.90</ItemPrice>
      <UnitOfMeasurePrice>0.02</UnitOfMeasurePrice>
      <AllowDiscount>1</AllowDiscount>
      <ItemStatus/>
    </Item>
    <Item>
      <PriceUpdateTime>2025-04-20T08:54:08.000</PriceUpdateTime>
      <ItemCode>4008287905786</ItemCode>
      <LastSaleDateTime>2026-01-29T12:32:26.000</LastSaleDateTime>
      <ItemType>1</ItemType>
      <ItemName>קרומבאכר פחית בקבוק</ItemName>
      <ManufactureName>לא ידוע</ManufactureName>
      <ManufactureCountry>לא ידוע</ManufactureCountry>
      <ManufactureItemDescription>קרומבאכר פחית בקבוק</ManufactureItemDescription>
      <UnitQty>לא ידוע</UnitQty>
      <Quantity>500.00</Quantity>
      <UnitOfMeasure>100 מ"ל</UnitOfMeasure>
      <bIsWeighted>0</bIsWeighted>
      <QtyInPackage>לא ידוע</QtyInPackage>
      <ItemPrice>9.90</ItemPrice>
      <UnitOfMeasurePrice>0.02</UnitOfMeasurePrice>
      <AllowDiscount>1</AllowDiscount>
      <ItemStatus/>
    </Item>
    <Item>
      <PriceUpdateTime>2025-04-20T08:54:08.000</PriceUpdateTime>
      <ItemCode>4066600611028</ItemCode>
      <LastSaleDateTime>2015-01-01T00:00:00.000</LastSaleDateTime>
      <ItemType>1</ItemType>
      <ItemName>פאולנר מינכן הל 500</ItemName>
      <ManufactureName>לא ידוע</ManufactureName>
      <ManufactureCountry>לא ידוע</ManufactureCountry>
      <ManufactureItemDescription>פאולנר מינכן הל 500</ManufactureItemDescription>
      <UnitQty>לא ידוע</UnitQty>
      <Quantity>500.00</Quantity>
      <UnitOfMeasure>100 מ"ל</UnitOfMeasure>
      <bIsWeighted>0</bIsWeighted>
      <QtyInPackage>לא ידוע</QtyInPackage>
      <ItemPrice>11.90</ItemPrice>
      <UnitOfMeasurePrice>0.02</UnitOfMeasurePrice>
      <AllowDiscount>1</AllowDiscount>
      <ItemStatus>2</ItemStatus>
    </Item>
    <Item>
      <PriceUpdateTime>2025-04-20T08:54:08.000</PriceUpdateTime>
      <ItemCode>4066600611028</ItemCode>
      <LastSaleDateTime>2015-01-01T00:00:00.000</LastSaleDateTime>
      <ItemType>1</ItemType>
      <ItemName>פאולנר מינכן הל 500</ItemName>
      <ManufactureName>לא ידוע</ManufactureName>
      <ManufactureCountry>לא ידוע</ManufactureCountry>
      <ManufactureItemDescription>פאולנר מינכן הל 500</ManufactureItemDescription>
      <UnitQty>לא ידוע</UnitQty>
      <Quantity>500.00</Quantity>
      <UnitOfMeasure>100 מ"ל</UnitOfMeasure>
      <bIsWeighted>0</bIsWeighted>
      <QtyInPackage>לא ידוע</QtyInPackage>
      <ItemPrice>11.90</ItemPrice>
      <UnitOfMeasurePrice>0.02</UnitOfMeasurePrice>
      <AllowDiscount>1</AllowDiscount>
      <ItemStatus/>
    </Item>
    <Item>
      <PriceUpdateTime>2025-04-20T08:54:08.000</PriceUpdateTime>
      <ItemCode>4005563194025</ItemCode>
      <LastSaleDateTime>2026-01-04T19:39:35.000</LastSaleDateTime>
      <ItemType>1</ItemType>
      <ItemName>ליקר פידג תאנים 700מ</ItemName>
      <ManufactureName>לא ידוע</ManufactureName>
      <ManufactureCountry>לא ידוע</ManufactureCountry>
      <ManufactureItemDescription>ליקר פידג תאנים 700מ</ManufactureItemDescription>
      <UnitQty>לא ידוע</UnitQty>
      <Quantity>700.00</Quantity>
      <UnitOfMeasure>100 מ"ל</UnitOfMeasure>
      <bIsWeighted>0</bIsWeighted>
      <QtyInPackage>לא ידוע</QtyInPackage>
      <ItemPrice>59.90</ItemPrice>
      <UnitOfMeasurePrice>0.09</UnitOfMeasurePrice>
      <AllowDiscount>1</AllowDiscount>
      <ItemStatus/>
    </Item>
    <Item>
      <PriceUpdateTime>2025-04-20T08:54:09.000</PriceUpdateTime>
      <ItemCode>4105120623941</ItemCode>
      <LastSaleDateTime>2025-12-26T00:00:00.000</LastSaleDateTime>
      <ItemType>1</ItemType>
      <ItemName>ויינשטפן 500 מל</ItemName>
      <ManufactureName>לא ידוע</ManufactureName>
      <ManufactureCountry>לא ידוע</ManufactureCountry>
      <ManufactureItemDescription>ויינשטפן 500 מל</ManufactureItemDescription>
      <UnitQty>לא ידוע</UnitQty>
      <Quantity>500.00</Quantity>
      <UnitOfMeasure>100 מ"ל</UnitOfMeasure>
      <bIsWeighted>0</bIsWeighted>
      <QtyInPackage>לא ידוע</QtyInPackage>
      <ItemPrice>12.00</ItemPrice>
      <UnitOfMeasurePrice>0.02</UnitOfMeasurePrice>
      <AllowDiscount>1</AllowDiscount>
      <ItemStatus/>
    </Item>
    <Item>
      <PriceUpdateTime>2025-04-20T08:54:09.000</PriceUpdateTime>
      <ItemCode>4072700001188</ItemCode>
      <LastSaleDateTime>2015-01-01T00:00:00.000</LastSaleDateTime>
      <ItemType>1</ItemType>
      <ItemName>פרנזיסקאנר בירה כהה</ItemName>
      <ManufactureName>לא ידוע</ManufactureName>
      <ManufactureCountry>לא ידוע</ManufactureCountry>
      <ManufactureItemDescription>פרנזיסקאנר בירה כהה</ManufactureItemDescription>
      <UnitQty>לא ידוע</UnitQty>
      <Quantity>500.00</Quantity>
      <UnitOfMeasure>100 מ"ל</UnitOfMeasure>
      <bIsWeighted>0</bIsWeighted>
      <QtyInPackage>לא ידוע</QtyInPackage>
      <ItemPrice>12.50</ItemPrice>
      <UnitOfMeasurePrice>0.03</UnitOfMeasurePrice>
      <AllowDiscount>1</AllowDiscount>
      <ItemStatus>2</ItemStatus>
    </Item>
    <Item>
      <PriceUpdateTime>2025-04-20T08:54:09.000</PriceUpdateTime>
      <ItemCode>4072700001188</ItemCode>
      <LastSaleDateTime>2015-01-01T00:00:00.000</LastSaleDateTime>
      <ItemType>1</ItemType>
      <ItemName>פרנזיסקאנר בירה כהה</ItemName>
      <ManufactureName>לא ידוע</ManufactureName>
      <ManufactureCountry>לא ידוע</ManufactureCountry>
      <ManufactureItemDescription>פרנזיסקאנר בירה כהה</ManufactureItemDescription>
      <UnitQty>לא ידוע</UnitQty>
      <Quantity>500.00</Quantity>
      <UnitOfMeasure>100 מ"ל</UnitOfMeasure>
      <bIsWeighted>0</bIsWeighted>
      <QtyInPackage>לא ידוע</QtyInPackage>
      <ItemPrice>12.50</ItemPrice>
      <UnitOfMeasurePrice>0.03</UnitOfMeasurePrice>
      <AllowDiscount>1</AllowDiscount>
      <ItemStatus/>
    </Item>
    <Item>
      <PriceUpdateTime>2025-04-20T08:54:09.000</PriceUpdateTime>
      <ItemCode>4072700001775</ItemCode>
      <LastSaleDateTime>2015-01-01T00:00:00.000</LastSaleDateTime>
      <ItemType>1</ItemType>
      <ItemName>פרנזיסקאנר בירה פחית</ItemName>
      <ManufactureName>לא ידוע</ManufactureName>
      <ManufactureCountry>לא ידוע</ManufactureCountry>
      <ManufactureItemDescription>פרנזיסקאנר בירה פחית</ManufactureItemDescription>
      <UnitQty>לא ידוע</UnitQty>
      <Quantity>500.00</Quantity>
      <UnitOfMeasure>100 מ"ל</UnitOfMeasure>
      <bIsWeighted>0</bIsWeighted>
      <QtyInPackage>לא ידוע</QtyInPackage>
      <ItemPrice>12.50</ItemPrice>
      <UnitOfMeasurePrice>0.03</UnitOfMeasurePrice>
      <AllowDiscount>1</AllowDiscount>
      <ItemStatus>2</ItemStatus>
    </Item>
    <Item>
      <PriceUpdateTime>2025-04-20T08:54:09.000</PriceUpdateTime>
      <ItemCode>4072700001775</ItemCode>
      <LastSaleDateTime>2015-01-01T00:00:00.000</LastSaleDateTime>
      <ItemType>1</ItemType>
      <ItemName>פרנזיסקאנר בירה פחית</ItemName>
      <ManufactureName>לא ידוע</ManufactureName>
      <ManufactureCountry>לא ידוע</ManufactureCountry>
      <ManufactureItemDescription>פרנזיסקאנר בירה פחית</ManufactureItemDescription>
      <UnitQty>לא ידוע</UnitQty>
      <Quantity>500.00</Quantity>
      <UnitOfMeasure>100 מ"ל</UnitOfMeasure>
      <bIsWeighted>0</bIsWeighted>
      <QtyInPackage>לא ידוע</QtyInPackage>
      <ItemPrice>12.50</ItemPrice>
      <UnitOfMeasurePrice>0.03</UnitOfMeasurePrice>
      <AllowDiscount>1</AllowDiscount>
      <ItemStatus/>
    </Item>
    <Item>
      <PriceUpdateTime>2025-04-20T08:54:09.000</PriceUpdateTime>
      <ItemCode>4072700003649</ItemCode>
      <LastSaleDateTime>2015-01-01T00:00:00.000</LastSaleDateTime>
      <ItemType>1</ItemType>
      <ItemName>פרנזיסקאנר בירה מעונ</ItemName>
      <ManufactureName>באקס</ManufactureName>
      <ManufactureCountry>לא ידוע</ManufactureCountry>
      <ManufactureItemDescription>פרנזיסקאנר בירה מעונ</ManufactureItemDescription>
      <UnitQty>לא ידוע</UnitQty>
      <Quantity>500.00</Quantity>
      <UnitOfMeasure>100 מ"ל</UnitOfMeasure>
      <bIsWeighted>0</bIsWeighted>
      <QtyInPackage>לא ידוע</QtyInPackage>
      <ItemPrice>12.50</ItemPrice>
      <UnitOfMeasurePrice>0.03</UnitOfMeasurePrice>
      <AllowDiscount>1</AllowDiscount>
      <ItemStatus>2</ItemStatus>
    </Item>
    <Item>
      <PriceUpdateTime>2025-04-20T08:54:09.000</PriceUpdateTime>
      <ItemCode>4072700003649</ItemCode>
      <LastSaleDateTime>2015-01-01T00:00:00.000</LastSaleDateTime>
      <ItemType>1</ItemType>
      <ItemName>פרנזיסקאנר בירה מעונ</ItemName>
      <ManufactureName>באקס</ManufactureName>
      <ManufactureCountry>לא ידוע</ManufactureCountry>
      <ManufactureItemDescription>פרנזיסקאנר בירה מעונ</ManufactureItemDescription>
      <UnitQty>לא ידוע</UnitQty>
      <Quantity>500.00</Quantity>
      <UnitOfMeasure>100 מ"ל</UnitOfMeasure>
      <bIsWeighted>0</bIsWeighted>
      <QtyInPackage>לא ידוע</QtyInPackage>
      <ItemPrice>12.50</ItemPrice>
      <UnitOfMeasurePrice>0.03</UnitOfMeasurePrice>
      <AllowDiscount>1</AllowDiscount>
      <ItemStatus/>
    </Item>
    <Item>
      <PriceUpdateTime>2025-04-20T08:54:09.000</PriceUpdateTime>
      <ItemCode>4100130937163</ItemCode>
      <LastSaleDateTime>2025-08-04T00:00:00.000</LastSaleDateTime>
      <ItemType>1</ItemType>
      <ItemName>בירה בקס 6* 275 מ"ל</ItemName>
      <ManufactureName>לא ידוע</ManufactureName>
      <ManufactureCountry>לא ידוע</ManufactureCountry>
      <ManufactureItemDescription>בירה בקס 6* 275 מ"ל</ManufactureItemDescription>
      <UnitQty>לא ידוע</UnitQty>
      <Quantity>275.00</Quantity>
      <UnitOfMeasure>100 מ"ל</UnitOfMeasure>
      <bIsWeighted>0</bIsWeighted>
      <QtyInPackage>לא ידוע</QtyInPackage>
      <ItemPrice>29.90</ItemPrice>
      <UnitOfMeasurePrice>0.11</UnitOfMeasurePrice>
      <AllowDiscount>1</AllowDiscount>
      <ItemStatus>2</ItemStatus>
    </Item>
    <Item>
      <PriceUpdateTime>2025-04-20T08:54:09.000</PriceUpdateTime>
      <ItemCode>4100130937163</ItemCode>
      <LastSaleDateTime>2025-08-04T00:00:00.000</LastSaleDateTime>
      <ItemType>1</ItemType>
      <ItemName>בירה בקס 6* 275 מ"ל</ItemName>
      <ManufactureName>לא ידוע</ManufactureName>
      <ManufactureCountry>לא ידוע</ManufactureCountry>
      <ManufactureItemDescription>בירה בקס 6* 275 מ"ל</ManufactureItemDescription>
      <UnitQty>לא ידוע</UnitQty>
      <Quantity>275.00</Quantity>
      <UnitOfMeasure>100 מ"ל</UnitOfMeasure>
      <bIsWeighted>0</bIsWeighted>
      <QtyInPackage>לא ידוע</QtyInPackage>
      <ItemPrice>29.90</ItemPrice>
      <UnitOfMeasurePrice>0.11</UnitOfMeasurePrice>
      <AllowDiscount>1</AllowDiscount>
      <ItemStatus/>
    </Item>
    <Item>
      <PriceUpdateTime>2025-04-20T08:54:09.000</PriceUpdateTime>
      <ItemCode>4600659010854</ItemCode>
      <LastSaleDateTime>2026-01-29T19:05:43.000</LastSaleDateTime>
      <ItemType>1</ItemType>
      <ItemName>סטולי פרימיום 700 מל</ItemName>
      <ManufactureName>סטוליצ'ניה</ManufactureName>
      <ManufactureCountry>לטביה</ManufactureCountry>
      <ManufactureItemDescription>סטוליצ'ניה פרימיום 70 ס"ל</ManufactureItemDescription>
      <UnitQty>לא ידוע</UnitQty>
      <Quantity>700.00</Quantity>
      <UnitOfMeasure>100 מ"ל</UnitOfMeasure>
      <bIsWeighted>0</bIsWeighted>
      <QtyInPackage>לא ידוע</QtyInPackage>
      <ItemPrice>69.90</ItemPrice>
      <UnitOfMeasurePrice>0.10</UnitOfMeasurePrice>
      <AllowDiscount>1</AllowDiscount>
      <ItemStatus/>
    </Item>
    <Item>
      <PriceUpdateTime>2025-04-20T08:54:09.000</PriceUpdateTime>
      <ItemCode>4600659011059</ItemCode>
      <LastSaleDateTime>2015-01-01T00:00:00.000</LastSaleDateTime>
      <ItemType>1</ItemType>
      <ItemName>סטולי פרימיום ליטר</ItemName>
      <ManufactureName>סטוליצ'ניה</ManufactureName>
      <ManufactureCountry>לטביה</ManufactureCountry>
      <ManufactureItemDescription>סטוליצ'ניה פרימיום ליטר ל</ManufactureItemDescription>
      <UnitQty>ליטר</UnitQty>
      <Quantity>1.00</Quantity>
      <UnitOfMeasure>ליטר    </UnitOfMeasure>
      <bIsWeighted>0</bIsWeighted>
      <QtyInPackage>לא ידוע</QtyInPackage>
      <ItemPrice>89.80</ItemPrice>
      <UnitOfMeasurePrice>89.80</UnitOfMeasurePrice>
      <AllowDiscount>1</AllowDiscount>
      <ItemStatus>2</ItemStatus>
    </Item>
    <Item>
      <PriceUpdateTime>2025-04-20T08:54:09.000</PriceUpdateTime>
      <ItemCode>4600659011059</ItemCode>
      <LastSaleDateTime>2015-01-01T00:00:00.000</LastSaleDateTime>
      <ItemType>1</ItemType>
      <ItemName>סטולי פרימיום ליטר</ItemName>
      <ManufactureName>סטוליצ'ניה</ManufactureName>
      <ManufactureCountry>לטביה</ManufactureCountry>
      <ManufactureItemDescription>סטוליצ'ניה פרימיום ליטר ל</ManufactureItemDescription>
      <UnitQty>ליטר</UnitQty>
      <Quantity>1.00</Quantity>
      <UnitOfMeasure>ליטר    </UnitOfMeasure>
      <bIsWeighted>0</bIsWeighted>
      <QtyInPackage>לא ידוע</QtyInPackage>
      <ItemPrice>89.80</ItemPrice>
      <UnitOfMeasurePrice>89.80</UnitOfMeasurePrice>
      <AllowDiscount>1</AllowDiscount>
      <ItemStatus/>
    </Item>
    <Item>
      <PriceUpdateTime>2025-04-20T08:54:09.000</PriceUpdateTime>
      <ItemCode>5010038454831</ItemCode>
      <LastSaleDateTime>2015-01-01T00:00:00.000</LastSaleDateTime>
      <ItemType>1</ItemType>
      <ItemName>בקבוק בירה בלומון 33</ItemName>
      <ManufactureName>לא ידוע</ManufactureName>
      <ManufactureCountry>לא ידוע</ManufactureCountry>
      <ManufactureItemDescription>בקבוק בירה בלומון 33</ManufactureItemDescription>
      <UnitQty>לא ידוע</UnitQty>
      <Quantity>355.00</Quantity>
      <UnitOfMeasure>100 מ"ל</UnitOfMeasure>
      <bIsWeighted>0</bIsWeighted>
      <QtyInPackage>לא ידוע</QtyInPackage>
      <ItemPrice>12.90</ItemPrice>
      <UnitOfMeasurePrice>0.04</UnitOfMeasurePrice>
      <AllowDiscount>1</AllowDiscount>
      <ItemStatus>2</ItemStatus>
    </Item>
    <Item>
      <PriceUpdateTime>2025-04-20T08:54:09.000</PriceUpdateTime>
      <ItemCode>5010038454831</ItemCode>
      <LastSaleDateTime>2015-01-01T00:00:00.000</LastSaleDateTime>
      <ItemType>1</ItemType>
      <ItemName>בקבוק בירה בלומון 33</ItemName>
      <ManufactureName>לא ידוע</ManufactureName>
      <ManufactureCountry>לא ידוע</ManufactureCountry>
      <ManufactureItemDescription>בקבוק בירה בלומון 33</ManufactureItemDescription>
      <UnitQty>לא ידוע</UnitQty>
      <Quantity>355.00</Quantity>
      <UnitOfMeasure>100 מ"ל</UnitOfMeasure>
      <bIsWeighted>0</bIsWeighted>
      <QtyInPackage>לא ידוע</QtyInPackage>
      <ItemPrice>12.90</ItemPrice>
      <UnitOfMeasurePrice>0.04</UnitOfMeasurePrice>
      <AllowDiscount>1</AllowDiscount>
      <ItemStatus/>
    </Item>
    <Item>
      <PriceUpdateTime>2025-04-20T08:54:09.000</PriceUpdateTime>
      <ItemCode>4750142003426</ItemCode>
      <LastSaleDateTime>2015-01-01T00:00:00.000</LastSaleDateTime>
      <ItemType>1</ItemType>
      <ItemName>בירה פילסנר פחית 500</ItemName>
      <ManufactureName>לא ידוע</ManufactureName>
      <ManufactureCountry>לא ידוע</ManufactureCountry>
      <ManufactureItemDescription>בירה פילסנר פחית 500</ManufactureItemDescription>
      <UnitQty>לא ידוע</UnitQty>
      <Quantity>500.00</Quantity>
      <UnitOfMeasure>100 מ"ל</UnitOfMeasure>
      <bIsWeighted>0</bIsWeighted>
      <QtyInPackage>לא ידוע</QtyInPackage>
      <ItemPrice>7.60</ItemPrice>
      <UnitOfMeasurePrice>0.02</UnitOfMeasurePrice>
      <AllowDiscount>1</AllowDiscount>
      <ItemStatus>2</ItemStatus>
    </Item>
    <Item>
      <PriceUpdateTime>2025-04-20T08:54:09.000</PriceUpdateTime>
      <ItemCode>4750142003426</ItemCode>
      <LastSaleDateTime>2015-01-01T00:00:00.000</LastSaleDateTime>
      <ItemType>1</ItemType>
      <ItemName>בירה פילסנר פחית 500</ItemName>
      <ManufactureName>לא ידוע</ManufactureName>
      <ManufactureCountry>לא ידוע</ManufactureCountry>
      <ManufactureItemDescription>בירה פילסנר פחית 500</ManufactureItemDescription>
      <UnitQty>לא ידוע</UnitQty>
      <Quantity>500.00</Quantity>
      <UnitOfMeasure>100 מ"ל</UnitOfMeasure>
      <bIsWeighted>0</bIsWeighted>
      <QtyInPackage>לא ידוע</QtyInPackage>
      <ItemPrice>7.60</ItemPrice>
      <UnitOfMeasurePrice>0.02</UnitOfMeasurePrice>
      <AllowDiscount>1</AllowDiscount>
      <ItemStatus/>
    </Item>
    <Item>
      <PriceUpdateTime>2025-04-20T08:54:09.000</PriceUpdateTime>
      <ItemCode>4750142021505</ItemCode>
      <LastSaleDateTime>2015-01-01T00:00:00.000</LastSaleDateTime>
      <ItemType>1</ItemType>
      <ItemName>בירה פילזנר צ'סו</ItemName>
      <ManufactureName>לא ידוע</ManufactureName>
      <ManufactureCountry>לא ידוע</ManufactureCountry>
      <ManufactureItemDescription>בירה פילזנר צ'סו</ManufactureItemDescription>
      <UnitQty>לא ידוע</UnitQty>
      <Quantity>500.00</Quantity>
      <UnitOfMeasure>100 מ"ל</UnitOfMeasure>
      <bIsWeighted>0</bIsWeighted>
      <QtyInPackage>לא ידוע</QtyInPackage>
      <ItemPrice>7.60</ItemPrice>
      <UnitOfMeasurePrice>0.02</UnitOfMeasurePrice>
      <AllowDiscount>1</AllowDiscount>
      <ItemStatus>2</ItemStatus>
    </Item>
    <Item>
      <PriceUpdateTime>2025-04-20T08:54:09.000</PriceUpdateTime>
      <ItemCode>4750142021505</ItemCode>
      <LastSaleDateTime>2015-01-01T00:00:00.000</LastSaleDateTime>
      <ItemType>1</ItemType>
      <ItemName>בירה פילזנר צ'סו</ItemName>
      <ManufactureName>לא ידוע</ManufactureName>
      <ManufactureCountry>לא ידוע</ManufactureCountry>
      <ManufactureItemDescription>בירה פילזנר צ'סו</ManufactureItemDescription>
      <UnitQty>לא ידוע</UnitQty>
      <Quantity>500.00</Quantity>
      <UnitOfMeasure>100 מ"ל</UnitOfMeasure>
      <bIsWeighted>0</bIsWeighted>
      <QtyInPackage>לא ידוע</QtyInPackage>
      <ItemPrice>7.60</ItemPrice>
      <UnitOfMeasurePrice>0.02</UnitOfMeasurePrice>
      <AllowDiscount>1</AllowDiscount>
      <ItemStatus/>
    </Item>
    <Item>
      <PriceUpdateTime>2025-04-20T08:54:09.000</PriceUpdateTime>
      <ItemCode>4820229032219</ItemCode>
      <LastSaleDateTime>2015-01-01T00:00:00.000</LastSaleDateTime>
      <ItemType>1</ItemType>
      <ItemName>חורטיצה אייס 700 מל</ItemName>
      <ManufactureName>לא ידוע</ManufactureName>
      <ManufactureCountry>לא ידוע</ManufactureCountry>
      <ManufactureItemDescription>חורטיצה אייס 700 מל</ManufactureItemDescription>
      <UnitQty>לא ידוע</UnitQty>
      <Quantity>700.00</Quantity>
      <UnitOfMeasure>100 מ"ל</UnitOfMeasure>
      <bIsWeighted>0</bIsWeighted>
      <QtyInPackage>לא ידוע</QtyInPackage>
      <ItemPrice>70.70</ItemPrice>
      <UnitOfMeasurePrice>0.10</UnitOfMeasurePrice>
      <AllowDiscount>1</AllowDiscount>
      <ItemStatus>2</ItemStatus>
    </Item>
    <Item>
      <PriceUpdateTime>2025-04-20T08:54:09.000</PriceUpdateTime>
      <ItemCode>4820229032219</ItemCode>
      <LastSaleDateTime>2015-01-01T00:00:00.000</LastSaleDateTime>
      <ItemType>1</ItemType>
      <ItemName>חורטיצה אייס 700 מל</ItemName>
      <ManufactureName>לא ידוע</ManufactureName>
      <ManufactureCountry>לא ידוע</ManufactureCountry>
      <ManufactureItemDescription>חורטיצה אייס 700 מל</ManufactureItemDescription>
      <UnitQty>לא ידוע</UnitQty>
      <Quantity>700.00</Quantity>
      <UnitOfMeasure>100 מ"ל</UnitOfMeasure>
      <bIsWeighted>0</bIsWeighted>
      <QtyInPackage>לא ידוע</QtyInPackage>
      <ItemPrice>70.70</ItemPrice>
      <UnitOfMeasurePrice>0.10</UnitOfMeasurePrice>
      <AllowDiscount>1</AllowDiscount>
      <ItemStatus/>
    </Item>
    <Item>
      <PriceUpdateTime>2025-04-20T08:54:09.000</PriceUpdateTime>
      <ItemCode>5011166055709</ItemCode>
      <LastSaleDateTime>2015-01-01T00:00:00.000</LastSaleDateTime>
      <ItemType>1</ItemType>
      <ItemName>וויסקי אירי פוגס 700</ItemName>
      <ManufactureName>לא ידוע</ManufactureName>
      <ManufactureCountry>לא ידוע</ManufactureCountry>
      <ManufactureItemDescription>וויסקי אירי פוגס 700</ManufactureItemDescription>
      <UnitQty>לא ידוע</UnitQty>
      <Quantity>700.00</Quantity>
      <UnitOfMeasure>100 מ"ל</UnitOfMeasure>
      <bIsWeighted>0</bIsWeighted>
      <QtyInPackage>לא ידוע</QtyInPackage>
      <ItemPrice>95.90</ItemPrice>
      <UnitOfMeasurePrice>0.14</UnitOfMeasurePrice>
      <AllowDiscount>1</AllowDiscount>
      <ItemStatus>2</ItemStatus>
    </Item>
    <Item>
      <PriceUpdateTime>2025-04-20T08:54:09.000</PriceUpdateTime>
      <ItemCode>5011166055709</ItemCode>
      <LastSaleDateTime>2015-01-01T00:00:00.000</LastSaleDateTime>
      <ItemType>1</ItemType>
      <ItemName>וויסקי אירי פוגס 700</ItemName>
      <ManufactureName>לא ידוע</ManufactureName>
      <ManufactureCountry>לא ידוע</ManufactureCountry>
      <ManufactureItemDescription>וויסקי אירי פוגס 700</ManufactureItemDescription>
      <UnitQty>לא ידוע</UnitQty>
      <Quantity>700.00</Quantity>
      <UnitOfMeasure>100 מ"ל</UnitOfMeasure>
      <bIsWeighted>0</bIsWeighted>
      <QtyInPackage>לא ידוע</QtyInPackage>
      <ItemPrice>95.90</ItemPrice>
      <UnitOfMeasurePrice>0.14</UnitOfMeasurePrice>
      <AllowDiscount>1</AllowDiscount>
      <ItemStatus/>
    </Item>
    <Item>
      <PriceUpdateTime>2025-04-20T08:54:09.000</PriceUpdateTime>
      <ItemCode>5011166059745</ItemCode>
      <LastSaleDateTime>2015-01-01T00:00:00.000</LastSaleDateTime>
      <ItemType>1</ItemType>
      <ItemName>וויסקי אירי סינגל מא</ItemName>
      <ManufactureName>לא ידוע</ManufactureName>
      <ManufactureCountry>לא ידוע</ManufactureCountry>
      <ManufactureItemDescription>וויסקי אירי סינגל מא</ManufactureItemDescription>
      <UnitQty>לא ידוע</UnitQty>
      <Quantity>700.00</Quantity>
      <UnitOfMeasure>100 מ"ל</UnitOfMeasure>
      <bIsWeighted>0</bIsWeighted>
      <QtyInPackage>לא ידוע</QtyInPackage>
      <ItemPrice>111.10</ItemPrice>
      <UnitOfMeasurePrice>0.16</UnitOfMeasurePrice>
      <AllowDiscount>1</AllowDiscount>
      <ItemStatus>2</ItemStatus>
    </Item>
    <Item>
      <PriceUpdateTime>2025-04-20T08:54:09.000</PriceUpdateTime>
      <ItemCode>5011166059745</ItemCode>
      <LastSaleDateTime>2015-01-01T00:00:00.000</LastSaleDateTime>
      <ItemType>1</ItemType>
      <ItemName>וויסקי אירי סינגל מא</ItemName>
      <ManufactureName>לא ידוע</ManufactureName>
      <ManufactureCountry>לא ידוע</ManufactureCountry>
      <ManufactureItemDescription>וויסקי אירי סינגל מא</ManufactureItemDescription>
      <UnitQty>לא ידוע</UnitQty>
      <Quantity>700.00</Quantity>
      <UnitOfMeasure>100 מ"ל</UnitOfMeasure>
      <bIsWeighted>0</bIsWeighted>
      <QtyInPackage>לא ידוע</QtyInPackage>
      <ItemPrice>111.10</ItemPrice>
      <UnitOfMeasurePrice>0.16</UnitOfMeasurePrice>
      <AllowDiscount>1</AllowDiscount>
      <ItemStatus/>
    </Item>
    <Item>
      <PriceUpdateTime>2025-04-20T08:54:10.000</PriceUpdateTime>
      <ItemCode>5035766044673</ItemCode>
      <LastSaleDateTime>2015-01-01T00:00:00.000</LastSaleDateTime>
      <ItemType>1</ItemType>
      <ItemName>משקה סיידר תפוחים אל</ItemName>
      <ManufactureName>טמפו</ManufactureName>
      <ManufactureCountry>בלגיה</ManufactureCountry>
      <ManufactureItemDescription>סיידר תפוחים סטרונגבאו 33</ManufactureItemDescription>
      <UnitQty>לא ידוע</UnitQty>
      <Quantity>330.00</Quantity>
      <UnitOfMeasure>100 מ"ל</UnitOfMeasure>
      <bIsWeighted>0</bIsWeighted>
      <QtyInPackage>לא ידוע</QtyInPackage>
      <ItemPrice>8.50</ItemPrice>
      <UnitOfMeasurePrice>0.03</UnitOfMeasurePrice>
      <AllowDiscount>1</AllowDiscount>
      <ItemStatus>2</ItemStatus>
    </Item>
    <Item>
      <PriceUpdateTime>2025-04-20T08:54:10.000</PriceUpdateTime>
      <ItemCode>5035766044673</ItemCode>
      <LastSaleDateTime>2015-01-01T00:00:00.000</LastSaleDateTime>
      <ItemType>1</ItemType>
      <ItemName>משקה סיידר תפוחים אל</ItemName>
      <ManufactureName>טמפו</ManufactureName>
      <ManufactureCountry>בלגיה</ManufactureCountry>
      <ManufactureItemDescription>סיידר תפוחים סטרונגבאו 33</ManufactureItemDescription>
      <UnitQty>לא ידוע</UnitQty>
      <Quantity>330.00</Quantity>
      <UnitOfMeasure>100 מ"ל</UnitOfMeasure>
      <bIsWeighted>0</bIsWeighted>
      <QtyInPackage>לא ידוע</QtyInPackage>
      <ItemPrice>8.50</ItemPrice>
      <UnitOfMeasurePrice>0.03</UnitOfMeasurePrice>
      <AllowDiscount>1</AllowDiscount>
      <ItemStatus/>
    </Item>
    <Item>
      <PriceUpdateTime>2025-04-20T08:54:10.000</PriceUpdateTime>
      <ItemCode>5014379021417</ItemCode>
      <LastSaleDateTime>2015-01-01T00:00:00.000</LastSaleDateTime>
      <ItemType>1</ItemType>
      <ItemName>באדוויזר בירה פחית 5</ItemName>
      <ManufactureName>לא ידוע</ManufactureName>
      <ManufactureCountry>לא ידוע</ManufactureCountry>
      <ManufactureItemDescription>באדוויזר בירה פחית 5</ManufactureItemDescription>
      <UnitQty>לא ידוע</UnitQty>
      <Quantity>500.00</Quantity>
      <UnitOfMeasure>100 מ"ל</UnitOfMeasure>
      <bIsWeighted>0</bIsWeighted>
      <QtyInPackage>לא ידוע</QtyInPackage>
      <ItemPrice>9.50</ItemPrice>
      <UnitOfMeasurePrice>0.02</UnitOfMeasurePrice>
      <AllowDiscount>1</AllowDiscount>
      <ItemStatus>2</ItemStatus>
    </Item>
    <Item>
      <PriceUpdateTime>2025-04-20T08:54:10.000</PriceUpdateTime>
      <ItemCode>5014379021417</ItemCode>
      <LastSaleDateTime>2015-01-01T00:00:00.000</LastSaleDateTime>
      <ItemType>1</ItemType>
      <ItemName>באדוויזר בירה פחית 5</ItemName>
      <ManufactureName>לא ידוע</ManufactureName>
      <ManufactureCountry>לא ידוע</ManufactureCountry>
      <ManufactureItemDescription>באדוויזר בירה פחית 5</ManufactureItemDescription>
      <UnitQty>לא ידוע</UnitQty>
      <Quantity>500.00</Quantity>
      <UnitOfMeasure>100 מ"ל</UnitOfMeasure>
      <bIsWeighted>0</bIsWeighted>
      <QtyInPackage>לא ידוע</QtyInPackage>
      <ItemPrice>9.50</ItemPrice>
      <UnitOfMeasurePrice>0.02</UnitOfMeasurePrice>
      <AllowDiscount>1</AllowDiscount>
      <ItemStatus/>
    </Item>
    <Item>
      <PriceUpdateTime>2025-04-20T08:54:10.000</PriceUpdateTime>
      <ItemCode>5060045588128</ItemCode>
      <LastSaleDateTime>2015-01-01T00:00:00.000</LastSaleDateTime>
      <ItemType>1</ItemType>
      <ItemName>ג'ים בים לבן כשר</ItemName>
      <ManufactureName>לא ידוע</ManufactureName>
      <ManufactureCountry>לא ידוע</ManufactureCountry>
      <ManufactureItemDescription>ג'ים בים לבן כשר</ManufactureItemDescription>
      <UnitQty>לא ידוע</UnitQty>
      <Quantity>700.00</Quantity>
      <UnitOfMeasure>100 מ"ל</UnitOfMeasure>
      <bIsWeighted>0</bIsWeighted>
      <QtyInPackage>לא ידוע</QtyInPackage>
      <ItemPrice>90.90</ItemPrice>
      <UnitOfMeasurePrice>0.13</UnitOfMeasurePrice>
      <AllowDiscount>1</AllowDiscount>
      <ItemStatus>2</ItemStatus>
    </Item>
    <Item>
      <PriceUpdateTime>2025-04-20T08:54:10.000</PriceUpdateTime>
      <ItemCode>5060045588128</ItemCode>
      <LastSaleDateTime>2015-01-01T00:00:00.000</LastSaleDateTime>
      <ItemType>1</ItemType>
      <ItemName>ג'ים בים לבן כשר</ItemName>
      <ManufactureName>לא ידוע</ManufactureName>
      <ManufactureCountry>לא ידוע</ManufactureCountry>
      <ManufactureItemDescription>ג'ים בים לבן כשר</ManufactureItemDescription>
      <UnitQty>לא ידוע</UnitQty>
      <Quantity>700.00</Quantity>
      <UnitOfMeasure>100 מ"ל</UnitOfMeasure>
      <bIsWeighted>0</bIsWeighted>
      <QtyInPackage>לא ידוע</QtyInPackage>
      <ItemPrice>90.90</ItemPrice>
      <UnitOfMeasurePrice>0.13</UnitOfMeasurePrice>
      <AllowDiscount>1</AllowDiscount>
      <ItemStatus/>
    </Item>
    <Item>
      <PriceUpdateTime>2025-04-20T08:54:10.000</PriceUpdateTime>
      <ItemCode>5410228267515</ItemCode>
      <LastSaleDateTime>2015-01-01T00:00:00.000</LastSaleDateTime>
      <ItemType>1</ItemType>
      <ItemName>בירה בדוויזר שישייה</ItemName>
      <ManufactureName>לא ידוע</ManufactureName>
      <ManufactureCountry>לא ידוע</ManufactureCountry>
      <ManufactureItemDescription>בירה בדוויזר שישייה</ManufactureItemDescription>
      <UnitQty>לא ידוע</UnitQty>
      <Quantity>1.00</Quantity>
      <UnitOfMeasure>יח'</UnitOfMeasure>
      <bIsWeighted>0</bIsWeighted>
      <QtyInPackage>לא ידוע</QtyInPackage>
      <ItemPrice>34.90</ItemPrice>
      <UnitOfMeasurePrice>34.90</UnitOfMeasurePrice>
      <AllowDiscount>1</AllowDiscount>
      <ItemStatus>2</ItemStatus>
    </Item>
    <Item>
      <PriceUpdateTime>2025-04-20T08:54:10.000</PriceUpdateTime>
      <ItemCode>5410228267515</ItemCode>
      <LastSaleDateTime>2015-01-01T00:00:00.000</LastSaleDateTime>
      <ItemType>1</ItemType>
      <ItemName>בירה בדוויזר שישייה</ItemName>
      <ManufactureName>לא ידוע</ManufactureName>
      <ManufactureCountry>לא ידוע</ManufactureCountry>
      <ManufactureItemDescription>בירה בדוויזר שישייה</ManufactureItemDescription>
      <UnitQty>לא ידוע</UnitQty>
      <Quantity>1.00</Quantity>
      <UnitOfMeasure>יח'</UnitOfMeasure>
      <bIsWeighted>0</bIsWeighted>
      <QtyInPackage>לא ידוע</QtyInPackage>
      <ItemPrice>34.90</ItemPrice>
      <UnitOfMeasurePrice>34.90</UnitOfMeasurePrice>
      <AllowDiscount>1</AllowDiscount>
      <ItemStatus/>
    </Item>
    <Item>
      <PriceUpdateTime>2025-04-20T08:54:10.000</PriceUpdateTime>
      <ItemCode>5410228217732</ItemCode>
      <LastSaleDateTime>2026-01-22T17:38:17.000</LastSaleDateTime>
      <ItemType>1</ItemType>
      <ItemName>סטלה ארטואה - פחית 4</ItemName>
      <ManufactureName>לא ידוע</ManufactureName>
      <ManufactureCountry>לא ידוע</ManufactureCountry>
      <ManufactureItemDescription>סטלה ארטואה - פחית 4</ManufactureItemDescription>
      <UnitQty>לא ידוע</UnitQty>
      <Quantity>440.00</Quantity>
      <UnitOfMeasure>100 מ"ל</UnitOfMeasure>
      <bIsWeighted>0</bIsWeighted>
      <QtyInPackage>לא ידוע</QtyInPackage>
      <ItemPrice>9.90</ItemPrice>
      <UnitOfMeasurePrice>0.02</UnitOfMeasurePrice>
      <AllowDiscount>1</AllowDiscount>
      <ItemStatus/>
    </Item>
    <Item>
      <PriceUpdateTime>2025-04-20T08:54:10.000</PriceUpdateTime>
      <ItemCode>5391524714357</ItemCode>
      <LastSaleDateTime>2015-01-01T00:00:00.000</LastSaleDateTime>
      <ItemType>1</ItemType>
      <ItemName>וויסקי ווסט קורק רום</ItemName>
      <ManufactureName>לא ידוע</ManufactureName>
      <ManufactureCountry>לא ידוע</ManufactureCountry>
      <ManufactureItemDescription>וויסקי ווסט קורק רום</ManufactureItemDescription>
      <UnitQty>לא ידוע</UnitQty>
      <Quantity>700.00</Quantity>
      <UnitOfMeasure>100 מ"ל</UnitOfMeasure>
      <bIsWeighted>0</bIsWeighted>
      <QtyInPackage>לא ידוע</QtyInPackage>
      <ItemPrice>141.40</ItemPrice>
      <UnitOfMeasurePrice>0.20</UnitOfMeasurePrice>
      <AllowDiscount>1</AllowDiscount>
      <ItemStatus>2</ItemStatus>
    </Item>
    <Item>
      <PriceUpdateTime>2025-04-20T08:54:10.000</PriceUpdateTime>
      <ItemCode>5391524714357</ItemCode>
      <LastSaleDateTime>2015-01-01T00:00:00.000</LastSaleDateTime>
      <ItemType>1</ItemType>
      <ItemName>וויסקי ווסט קורק רום</ItemName>
      <ManufactureName>לא ידוע</ManufactureName>
      <ManufactureCountry>לא ידוע</ManufactureCountry>
      <ManufactureItemDescription>וויסקי ווסט קורק רום</ManufactureItemDescription>
      <UnitQty>לא ידוע</UnitQty>
      <Quantity>700.00</Quantity>
      <UnitOfMeasure>100 מ"ל</UnitOfMeasure>
      <bIsWeighted>0</bIsWeighted>
      <QtyInPackage>לא ידוע</QtyInPackage>
      <ItemPrice>141.40</ItemPrice>
      <UnitOfMeasurePrice>0.20</UnitOfMeasurePrice>
      <AllowDiscount>1</AllowDiscount>
      <ItemStatus/>
    </Item>
    <Item>
      <PriceUpdateTime>2025-04-20T08:54:10.000</PriceUpdateTime>
      <ItemCode>5410228169604</ItemCode>
      <LastSaleDateTime>2025-08-13T00:00:00.000</LastSaleDateTime>
      <ItemType>1</ItemType>
      <ItemName>בירה הוגארדן פחית 50</ItemName>
      <ManufactureName>לא ידוע</ManufactureName>
      <ManufactureCountry>לא ידוע</ManufactureCountry>
      <ManufactureItemDescription>בירה הוגארדן פחית 50</ManufactureItemDescription>
      <UnitQty>מטרים</UnitQty>
      <Quantity>500.00</Quantity>
      <UnitOfMeasure>100 מ'ל</UnitOfMeasure>
      <bIsWeighted>0</bIsWeighted>
      <QtyInPackage>לא ידוע</QtyInPackage>
      <ItemPrice>12.00</ItemPrice>
      <UnitOfMeasurePrice>0.02</UnitOfMeasurePrice>
      <AllowDiscount>1</AllowDiscount>
      <ItemStatus>2</ItemStatus>
    </Item>
    <Item>
      <PriceUpdateTime>2025-04-20T08:54:10.000</PriceUpdateTime>
      <ItemCode>5410228169604</ItemCode>
      <LastSaleDateTime>2025-08-13T00:00:00.000</LastSaleDateTime>
      <ItemType>1</ItemType>
      <ItemName>בירה הוגארדן פחית 50</ItemName>
      <ManufactureName>לא ידוע</ManufactureName>
      <ManufactureCountry>לא ידוע</ManufactureCountry>
      <ManufactureItemDescription>בירה הוגארדן פחית 50</ManufactureItemDescription>
      <UnitQty>מטרים</UnitQty>
      <Quantity>500.00</Quantity>
      <UnitOfMeasure>100 מ'ל</UnitOfMeasure>
      <bIsWeighted>0</bIsWeighted>
      <QtyInPackage>לא ידוע</QtyInPackage>
      <ItemPrice>12.00</ItemPrice>
      <UnitOfMeasurePrice>0.02</UnitOfMeasurePrice>
      <AllowDiscount>1</AllowDiscount>
      <ItemStatus/>
    </Item>
    <Item>
      <PriceUpdateTime>2025-04-20T08:54:10.000</PriceUpdateTime>
      <ItemCode>5410228222941</ItemCode>
      <LastSaleDateTime>2015-01-01T00:00:00.000</LastSaleDateTime>
      <ItemType>1</ItemType>
      <ItemName>בירה לף בלונד פחית 5</ItemName>
      <ManufactureName>לא ידוע</ManufactureName>
      <ManufactureCountry>לא ידוע</ManufactureCountry>
      <ManufactureItemDescription>בירה לף בלונד פחית 5</ManufactureItemDescription>
      <UnitQty>מטרים</UnitQty>
      <Quantity>500.00</Quantity>
      <UnitOfMeasure>100 מ'ל</UnitOfMeasure>
      <bIsWeighted>0</bIsWeighted>
      <QtyInPackage>לא ידוע</QtyInPackage>
      <ItemPrice>12.00</ItemPrice>
      <UnitOfMeasurePrice>0.02</UnitOfMeasurePrice>
      <AllowDiscount>1</AllowDiscount>
      <ItemStatus>2</ItemStatus>
    </Item>
    <Item>
      <PriceUpdateTime>2025-04-20T08:54:10.000</PriceUpdateTime>
      <ItemCode>5410228222941</ItemCode>
      <LastSaleDateTime>2015-01-01T00:00:00.000</LastSaleDateTime>
      <ItemType>1</ItemType>
      <ItemName>בירה לף בלונד פחית 5</ItemName>
      <ManufactureName>לא ידוע</ManufactureName>
      <ManufactureCountry>לא ידוע</ManufactureCountry>
      <ManufactureItemDescription>בירה לף בלונד פחית 5</ManufactureItemDescription>
      <UnitQty>מטרים</UnitQty>
      <Quantity>500.00</Quantity>
      <UnitOfMeasure>100 מ'ל</UnitOfMeasure>
      <bIsWeighted>0</bIsWeighted>
      <QtyInPackage>לא ידוע</QtyInPackage>
      <ItemPrice>12.00</ItemPrice>
      <UnitOfMeasurePrice>0.02</UnitOfMeasurePrice>
      <AllowDiscount>1</AllowDiscount>
      <ItemStatus/>
    </Item>
    <Item>
      <PriceUpdateTime>2025-04-20T08:54:10.000</PriceUpdateTime>
      <ItemCode>5035766044772</ItemCode>
      <LastSaleDateTime>2015-01-01T00:00:00.000</LastSaleDateTime>
      <ItemType>1</ItemType>
      <ItemName>סיידר תפוחים סטרונגב</ItemName>
      <ManufactureName>טמפו</ManufactureName>
      <ManufactureCountry>בלגיה</ManufactureCountry>
      <ManufactureItemDescription>סיידר תפוחים סטרונגבאו 33</ManufactureItemDescription>
      <UnitQty>לא ידוע</UnitQty>
      <Quantity>330.00</Quantity>
      <UnitOfMeasure>100 מ"ל</UnitOfMeasure>
      <bIsWeighted>0</bIsWeighted>
      <QtyInPackage>לא ידוע</QtyInPackage>
      <ItemPrice>33.20</ItemPrice>
      <UnitOfMeasurePrice>0.10</UnitOfMeasurePrice>
      <AllowDiscount>1</AllowDiscount>
      <ItemStatus>2</ItemStatus>
    </Item>
    <Item>
      <PriceUpdateTime>2025-04-20T08:54:10.000</PriceUpdateTime>
      <ItemCode>5035766044772</ItemCode>
      <LastSaleDateTime>2015-01-01T00:00:00.000</LastSaleDateTime>
      <ItemType>1</ItemType>
      <ItemName>סיידר תפוחים סטרונגב</ItemName>
      <ManufactureName>טמפו</ManufactureName>
      <ManufactureCountry>בלגיה</ManufactureCountry>
      <ManufactureItemDescription>סיידר תפוחים סטרונגבאו 33</ManufactureItemDescription>
      <UnitQty>לא ידוע</UnitQty>
      <Quantity>330.00</Quantity>
      <UnitOfMeasure>100 מ"ל</UnitOfMeasure>
      <bIsWeighted>0</bIsWeighted>
      <QtyInPackage>לא ידוע</QtyInPackage>
      <ItemPrice>33.20</ItemPrice>
      <UnitOfMeasurePrice>0.10</UnitOfMeasurePrice>
      <AllowDiscount>1</AllowDiscount>
      <ItemStatus/>
    </Item>
    <Item>
      <PriceUpdateTime>2025-04-20T08:54:10.000</PriceUpdateTime>
      <ItemCode>5055966801005</ItemCode>
      <LastSaleDateTime>2025-09-09T00:00:00.000</LastSaleDateTime>
      <ItemType>1</ItemType>
      <ItemName>בושמילס 70 ס"ל</ItemName>
      <ManufactureName>לא ידוע</ManufactureName>
      <ManufactureCountry>לא ידוע</ManufactureCountry>
      <ManufactureItemDescription>בושמילס 70 ס"ל</ManufactureItemDescription>
      <UnitQty>לא ידוע</UnitQty>
      <Quantity>700.00</Quantity>
      <UnitOfMeasure>100 מ"ל</UnitOfMeasure>
      <bIsWeighted>0</bIsWeighted>
      <QtyInPackage>לא ידוע</QtyInPackage>
      <ItemPrice>89.90</ItemPrice>
      <UnitOfMeasurePrice>0.13</UnitOfMeasurePrice>
      <AllowDiscount>1</AllowDiscount>
      <ItemStatus>2</ItemStatus>
    </Item>
    <Item>
      <PriceUpdateTime>2025-04-20T08:54:10.000</PriceUpdateTime>
      <ItemCode>5055966801005</ItemCode>
      <LastSaleDateTime>2025-09-09T00:00:00.000</LastSaleDateTime>
      <ItemType>1</ItemType>
      <ItemName>בושמילס 70 ס"ל</ItemName>
      <ManufactureName>לא ידוע</ManufactureName>
      <ManufactureCountry>לא ידוע</ManufactureCountry>
      <ManufactureItemDescription>בושמילס 70 ס"ל</ManufactureItemDescription>
      <UnitQty>לא ידוע</UnitQty>
      <Quantity>700.00</Quantity>
      <UnitOfMeasure>100 מ"ל</UnitOfMeasure>
      <bIsWeighted>0</bIsWeighted>
      <QtyInPackage>לא ידוע</QtyInPackage>
      <ItemPrice>89.90</ItemPrice>
      <UnitOfMeasurePrice>0.13</UnitOfMeasurePrice>
      <AllowDiscount>1</AllowDiscount>
      <ItemStatus/>
    </Item>
    <Item>
      <PriceUpdateTime>2025-04-20T08:54:11.000</PriceUpdateTime>
      <ItemCode>5410769100081</ItemCode>
      <LastSaleDateTime>2015-01-01T00:00:00.000</LastSaleDateTime>
      <ItemType>1</ItemType>
      <ItemName>בירה לה שוף קטן 330</ItemName>
      <ManufactureName>לא ידוע</ManufactureName>
      <ManufactureCountry>לא ידוע</ManufactureCountry>
      <ManufactureItemDescription>בירה לה שוף קטן 330</ManufactureItemDescription>
      <UnitQty>לא ידוע</UnitQty>
      <Quantity>330.00</Quantity>
      <UnitOfMeasure>100 מ"ל</UnitOfMeasure>
      <bIsWeighted>0</bIsWeighted>
      <QtyInPackage>לא ידוע</QtyInPackage>
      <ItemPrice>13.90</ItemPrice>
      <UnitOfMeasurePrice>0.04</UnitOfMeasurePrice>
      <AllowDiscount>1</AllowDiscount>
      <ItemStatus>2</ItemStatus>
    </Item>
    <Item>
      <PriceUpdateTime>2025-04-20T08:54:11.000</PriceUpdateTime>
      <ItemCode>5410769100081</ItemCode>
      <LastSaleDateTime>2015-01-01T00:00:00.000</LastSaleDateTime>
      <ItemType>1</ItemType>
      <ItemName>בירה לה שוף קטן 330</ItemName>
      <ManufactureName>לא ידוע</ManufactureName>
      <ManufactureCountry>לא ידוע</ManufactureCountry>
      <ManufactureItemDescription>בירה לה שוף קטן 330</ManufactureItemDescription>
      <UnitQty>לא ידוע</UnitQty>
      <Quantity>330.00</Quantity>
      <UnitOfMeasure>100 מ"ל</UnitOfMeasure>
      <bIsWeighted>0</bIsWeighted>
      <QtyInPackage>לא ידוע</QtyInPackage>
      <ItemPrice>13.90</ItemPrice>
      <UnitOfMeasurePrice>0.04</UnitOfMeasurePrice>
      <AllowDiscount>1</AllowDiscount>
      <ItemStatus/>
    </Item>
    <Item>
      <PriceUpdateTime>2025-04-20T08:54:11.000</PriceUpdateTime>
      <ItemCode>5410769200088</ItemCode>
      <LastSaleDateTime>2015-01-01T00:00:00.000</LastSaleDateTime>
      <ItemType>1</ItemType>
      <ItemName>בירה מק שוף קטן 330</ItemName>
      <ManufactureName>לא ידוע</ManufactureName>
      <ManufactureCountry>לא ידוע</ManufactureCountry>
      <ManufactureItemDescription>בירה מק שוף קטן 330</ManufactureItemDescription>
      <UnitQty>לא ידוע</UnitQty>
      <Quantity>330.00</Quantity>
      <UnitOfMeasure>100 מ"ל</UnitOfMeasure>
      <bIsWeighted>0</bIsWeighted>
      <QtyInPackage>לא ידוע</QtyInPackage>
      <ItemPrice>13.90</ItemPrice>
      <UnitOfMeasurePrice>0.04</UnitOfMeasurePrice>
      <AllowDiscount>1</AllowDiscount>
      <ItemStatus>2</ItemStatus>
    </Item>
    <Item>
      <PriceUpdateTime>2025-04-20T08:54:11.000</PriceUpdateTime>
      <ItemCode>5410769200088</ItemCode>
      <LastSaleDateTime>2015-01-01T00:00:00.000</LastSaleDateTime>
      <ItemType>1</ItemType>
      <ItemName>בירה מק שוף קטן 330</ItemName>
      <ManufactureName>לא ידוע</ManufactureName>
      <ManufactureCountry>לא ידוע</ManufactureCountry>
      <ManufactureItemDescription>בירה מק שוף קטן 330</ManufactureItemDescription>
      <UnitQty>לא ידוע</UnitQty>
      <Quantity>330.00</Quantity>
      <UnitOfMeasure>100 מ"ל</UnitOfMeasure>
      <bIsWeighted>0</bIsWeighted>
      <QtyInPackage>לא ידוע</QtyInPackage>
      <ItemPrice>13.90</ItemPrice>
      <UnitOfMeasurePrice>0.04</UnitOfMeasurePrice>
      <AllowDiscount>1</AllowDiscount>
      <ItemStatus/>
    </Item>
    <Item>
      <PriceUpdateTime>2025-04-20T08:54:11.000</PriceUpdateTime>
      <ItemCode>5410769800097</ItemCode>
      <LastSaleDateTime>2015-01-01T00:00:00.000</LastSaleDateTime>
      <ItemType>1</ItemType>
      <ItemName>בירה צ'רי שוף 8% 330</ItemName>
      <ManufactureName>לא ידוע</ManufactureName>
      <ManufactureCountry>לא ידוע</ManufactureCountry>
      <ManufactureItemDescription>בירה צ'רי שוף 8% 330</ManufactureItemDescription>
      <UnitQty>לא ידוע</UnitQty>
      <Quantity>330.00</Quantity>
      <UnitOfMeasure>100 מ"ל</UnitOfMeasure>
      <bIsWeighted>0</bIsWeighted>
      <QtyInPackage>לא ידוע</QtyInPackage>
      <ItemPrice>13.90</ItemPrice>
      <UnitOfMeasurePrice>0.04</UnitOfMeasurePrice>
      <AllowDiscount>1</AllowDiscount>
      <ItemStatus>2</ItemStatus>
    </Item>
    <Item>
      <PriceUpdateTime>2025-04-20T08:54:11.000</PriceUpdateTime>
      <ItemCode>5410769800097</ItemCode>
      <LastSaleDateTime>2015-01-01T00:00:00.000</LastSaleDateTime>
      <ItemType>1</ItemType>
      <ItemName>בירה צ'רי שוף 8% 330</ItemName>
      <ManufactureName>לא ידוע</ManufactureName>
      <ManufactureCountry>לא ידוע</ManufactureCountry>
      <ManufactureItemDescription>בירה צ'רי שוף 8% 330</ManufactureItemDescription>
      <UnitQty>לא ידוע</UnitQty>
      <Quantity>330.00</Quantity>
      <UnitOfMeasure>100 מ"ל</UnitOfMeasure>
      <bIsWeighted>0</bIsWeighted>
      <QtyInPackage>לא ידוע</QtyInPackage>
      <ItemPrice>13.90</ItemPrice>
      <UnitOfMeasurePrice>0.04</UnitOfMeasurePrice>
      <AllowDiscount>1</AllowDiscount>
      <ItemStatus/>
    </Item>
    <Item>
      <PriceUpdateTime>2025-04-20T08:54:11.000</PriceUpdateTime>
      <ItemCode>5411681014005</ItemCode>
      <LastSaleDateTime>2015-01-01T00:00:00.000</LastSaleDateTime>
      <ItemType>1</ItemType>
      <ItemName>דובל בירה 8.5% 330 מ</ItemName>
      <ManufactureName>מבשלת דובל</ManufactureName>
      <ManufactureCountry>בלגיה</ManufactureCountry>
      <ManufactureItemDescription>דובל בירה 8.5% 330 מ</ManufactureItemDescription>
      <UnitQty>לא ידוע</UnitQty>
      <Quantity>330.00</Quantity>
      <UnitOfMeasure>100 מ"ל</UnitOfMeasure>
      <bIsWeighted>0</bIsWeighted>
      <QtyInPackage>לא ידוע</QtyInPackage>
      <ItemPrice>13.90</ItemPrice>
      <UnitOfMeasurePrice>0.04</UnitOfMeasurePrice>
      <AllowDiscount>1</AllowDiscount>
      <ItemStatus>2</ItemStatus>
    </Item>
    <Item>
      <PriceUpdateTime>2025-04-20T08:54:11.000</PriceUpdateTime>
      <ItemCode>5411681014005</ItemCode>
      <LastSaleDateTime>2015-01-01T00:00:00.000</LastSaleDateTime>
      <ItemType>1</ItemType>
      <ItemName>דובל בירה 8.5% 330 מ</ItemName>
      <ManufactureName>מבשלת דובל</ManufactureName>
      <ManufactureCountry>בלגיה</ManufactureCountry>
      <ManufactureItemDescription>דובל בירה 8.5% 330 מ</ManufactureItemDescription>
      <UnitQty>לא ידוע</UnitQty>
      <Quantity>330.00</Quantity>
      <UnitOfMeasure>100 מ"ל</UnitOfMeasure>
      <bIsWeighted>0</bIsWeighted>
      <QtyInPackage>לא ידוע</QtyInPackage>
      <ItemPrice>13.90</ItemPrice>
      <UnitOfMeasurePrice>0.04</UnitOfMeasurePrice>
      <AllowDiscount>1</AllowDiscount>
      <ItemStatus/>
    </Item>
    <Item>
      <PriceUpdateTime>2025-04-20T08:54:11.000</PriceUpdateTime>
      <ItemCode>5411681038001</ItemCode>
      <LastSaleDateTime>2015-01-01T00:00:00.000</LastSaleDateTime>
      <ItemType>1</ItemType>
      <ItemName>מרדסו בירה חזקה 10%</ItemName>
      <ManufactureName>מבשלת דובל</ManufactureName>
      <ManufactureCountry>בלגיה</ManufactureCountry>
      <ManufactureItemDescription>מרדסו בירה חזקה 10%</ManufactureItemDescription>
      <UnitQty>לא ידוע</UnitQty>
      <Quantity>330.00</Quantity>
      <UnitOfMeasure>100 מ"ל</UnitOfMeasure>
      <bIsWeighted>0</bIsWeighted>
      <QtyInPackage>לא ידוע</QtyInPackage>
      <ItemPrice>13.90</ItemPrice>
      <UnitOfMeasurePrice>0.04</UnitOfMeasurePrice>
      <AllowDiscount>1</AllowDiscount>
      <ItemStatus>2</ItemStatus>
    </Item>
    <Item>
      <PriceUpdateTime>2025-04-20T08:54:11.000</PriceUpdateTime>
      <ItemCode>5411681038001</ItemCode>
      <LastSaleDateTime>2015-01-01T00:00:00.000</LastSaleDateTime>
      <ItemType>1</ItemType>
      <ItemName>מרדסו בירה חזקה 10%</ItemName>
      <ManufactureName>מבשלת דובל</ManufactureName>
      <ManufactureCountry>בלגיה</ManufactureCountry>
      <ManufactureItemDescription>מרדסו בירה חזקה 10%</ManufactureItemDescription>
      <UnitQty>לא ידוע</UnitQty>
      <Quantity>330.00</Quantity>
      <UnitOfMeasure>100 מ"ל</UnitOfMeasure>
      <bIsWeighted>0</bIsWeighted>
      <QtyInPackage>לא ידוע</QtyInPackage>
      <ItemPrice>13.90</ItemPrice>
      <UnitOfMeasurePrice>0.04</UnitOfMeasurePrice>
      <AllowDiscount>1</AllowDiscount>
      <ItemStatus/>
    </Item>
    <Item>
      <PriceUpdateTime>2025-04-20T08:54:11.000</PriceUpdateTime>
      <ItemCode>5998623530620</ItemCode>
      <LastSaleDateTime>2026-01-22T19:31:12.000</LastSaleDateTime>
      <ItemType>1</ItemType>
      <ItemName>אדלמה שרדונה יין לבן</ItemName>
      <ManufactureName>לא ידוע</ManufactureName>
      <ManufactureCountry>לא ידוע</ManufactureCountry>
      <ManufactureItemDescription>אדלמה שרדונה יין לבן</ManufactureItemDescription>
      <UnitQty>לא ידוע</UnitQty>
      <Quantity>750.00</Quantity>
      <UnitOfMeasure>100 מ"ל</UnitOfMeasure>
      <bIsWeighted>0</bIsWeighted>
      <QtyInPackage>לא ידוע</QtyInPackage>
      <ItemPrice>39.30</ItemPrice>
      <UnitOfMeasurePrice>0.05</UnitOfMeasurePrice>
      <AllowDiscount>1</AllowDiscount>
      <ItemStatus/>
    </Item>
    <Item>
      <PriceUpdateTime>2025-04-20T08:54:11.000</PriceUpdateTime>
      <ItemCode>5900535009705</ItemCode>
      <LastSaleDateTime>2015-01-01T00:00:00.000</LastSaleDateTime>
      <ItemType>1</ItemType>
      <ItemName>בירה ואן פור פילזנר</ItemName>
      <ManufactureName>לא ידוע</ManufactureName>
      <ManufactureCountry>לא ידוע</ManufactureCountry>
      <ManufactureItemDescription>בירה ואן פור פילזנר</ManufactureItemDescription>
      <UnitQty>לא ידוע</UnitQty>
      <Quantity>500.00</Quantity>
      <UnitOfMeasure>100 מ"ל</UnitOfMeasure>
      <bIsWeighted>0</bIsWeighted>
      <QtyInPackage>לא ידוע</QtyInPackage>
      <ItemPrice>4.90</ItemPrice>
      <UnitOfMeasurePrice>0.01</UnitOfMeasurePrice>
      <AllowDiscount>1</AllowDiscount>
      <ItemStatus>2</ItemStatus>
    </Item>
    <Item>
      <PriceUpdateTime>2025-04-20T08:54:11.000</PriceUpdateTime>
      <ItemCode>5900535009705</ItemCode>
      <LastSaleDateTime>2015-01-01T00:00:00.000</LastSaleDateTime>
      <ItemType>1</ItemType>
      <ItemName>בירה ואן פור פילזנר</ItemName>
      <ManufactureName>לא ידוע</ManufactureName>
      <ManufactureCountry>לא ידוע</ManufactureCountry>
      <ManufactureItemDescription>בירה ואן פור פילזנר</ManufactureItemDescription>
      <UnitQty>לא ידוע</UnitQty>
      <Quantity>500.00</Quantity>
      <UnitOfMeasure>100 מ"ל</UnitOfMeasure>
      <bIsWeighted>0</bIsWeighted>
      <QtyInPackage>לא ידוע</QtyInPackage>
      <ItemPrice>4.90</ItemPrice>
      <UnitOfMeasurePrice>0.01</UnitOfMeasurePrice>
      <AllowDiscount>1</AllowDiscount>
      <ItemStatus/>
    </Item>
    <Item>
      <PriceUpdateTime>2025-04-20T08:54:12.000</PriceUpdateTime>
      <ItemCode>7290005896439</ItemCode>
      <LastSaleDateTime>2025-08-26T00:00:00.000</LastSaleDateTime>
      <ItemType>1</ItemType>
      <ItemName>בירה מכבי 500 מ"ל בק</ItemName>
      <ManufactureName>טמפו</ManufactureName>
      <ManufactureCountry>ישראל</ManufactureCountry>
      <ManufactureItemDescription>מכבי חוזר 500 מ"ל בקבוק 2</ManufactureItemDescription>
      <UnitQty>לא ידוע</UnitQty>
      <Quantity>500.00</Quantity>
      <UnitOfMeasure>100 מ"ל</UnitOfMeasure>
      <bIsWeighted>0</bIsWeighted>
      <QtyInPackage>לא ידוע</QtyInPackage>
      <ItemPrice>6.90</ItemPrice>
      <UnitOfMeasurePrice>0.01</UnitOfMeasurePrice>
      <AllowDiscount>1</AllowDiscount>
      <ItemStatus>2</ItemStatus>
    </Item>
    <Item>
      <PriceUpdateTime>2025-04-20T08:54:12.000</PriceUpdateTime>
      <ItemCode>7290005896439</ItemCode>
      <LastSaleDateTime>2025-08-26T00:00:00.000</LastSaleDateTime>
      <ItemType>1</ItemType>
      <ItemName>בירה מכבי 500 מ"ל בק</ItemName>
      <ManufactureName>טמפו</ManufactureName>
      <ManufactureCountry>ישראל</ManufactureCountry>
      <ManufactureItemDescription>מכבי חוזר 500 מ"ל בקבוק 2</ManufactureItemDescription>
      <UnitQty>לא ידוע</UnitQty>
      <Quantity>500.00</Quantity>
      <UnitOfMeasure>100 מ"ל</UnitOfMeasure>
      <bIsWeighted>0</bIsWeighted>
      <QtyInPackage>לא ידוע</QtyInPackage>
      <ItemPrice>6.90</ItemPrice>
      <UnitOfMeasurePrice>0.01</UnitOfMeasurePrice>
      <AllowDiscount>1</AllowDiscount>
      <ItemStatus/>
    </Item>
    <Item>
      <PriceUpdateTime>2025-04-20T08:54:12.000</PriceUpdateTime>
      <ItemCode>7290006764096</ItemCode>
      <LastSaleDateTime>2025-08-31T00:00:00.000</LastSaleDateTime>
      <ItemType>1</ItemType>
      <ItemName>בירה איגל חוזר 500 מ</ItemName>
      <ManufactureName>טמפו</ManufactureName>
      <ManufactureCountry>ישראל</ManufactureCountry>
      <ManufactureItemDescription>גולדסטאר חוזר 500 בקבוק 2</ManufactureItemDescription>
      <UnitQty>לא ידוע</UnitQty>
      <Quantity>500.00</Quantity>
      <UnitOfMeasure>100 מ"ל</UnitOfMeasure>
      <bIsWeighted>0</bIsWeighted>
      <QtyInPackage>לא ידוע</QtyInPackage>
      <ItemPrice>5.90</ItemPrice>
      <UnitOfMeasurePrice>0.01</UnitOfMeasurePrice>
      <AllowDiscount>1</AllowDiscount>
      <ItemStatus>2</ItemStatus>
    </Item>
    <Item>
      <PriceUpdateTime>2025-04-20T08:54:12.000</PriceUpdateTime>
      <ItemCode>7290006764096</ItemCode>
      <LastSaleDateTime>2025-08-31T00:00:00.000</LastSaleDateTime>
      <ItemType>1</ItemType>
      <ItemName>בירה איגל חוזר 500 מ</ItemName>
      <ManufactureName>טמפו</ManufactureName>
      <ManufactureCountry>ישראל</ManufactureCountry>
      <ManufactureItemDescription>גולדסטאר חוזר 500 בקבוק 2</ManufactureItemDescription>
      <UnitQty>לא ידוע</UnitQty>
      <Quantity>500.00</Quantity>
      <UnitOfMeasure>100 מ"ל</UnitOfMeasure>
      <bIsWeighted>0</bIsWeighted>
      <QtyInPackage>לא ידוע</QtyInPackage>
      <ItemPrice>5.90</ItemPrice>
      <UnitOfMeasurePrice>0.01</UnitOfMeasurePrice>
      <AllowDiscount>1</AllowDiscount>
      <ItemStatus/>
    </Item>
    <Item>
      <PriceUpdateTime>2025-04-20T08:54:12.000</PriceUpdateTime>
      <ItemCode>7290004219826</ItemCode>
      <LastSaleDateTime>2026-01-29T12:36:54.000</LastSaleDateTime>
      <ItemType>1</ItemType>
      <ItemName>מלבין קפה קומפלטה 40</ItemName>
      <ManufactureName>קומפלטה</ManufactureName>
      <ManufactureCountry>לא ידוע</ManufactureCountry>
      <ManufactureItemDescription>מלבין קפה קומפלטה 40</ManufactureItemDescription>
      <UnitQty>גרם</UnitQty>
      <Quantity>400.00</Quantity>
      <UnitOfMeasure>100 גרם</UnitOfMeasure>
      <bIsWeighted>0</bIsWeighted>
      <QtyInPackage>לא ידוע</QtyInPackage>
      <ItemPrice>24.10</ItemPrice>
      <UnitOfMeasurePrice>6.03</UnitOfMeasurePrice>
      <AllowDiscount>1</AllowDiscount>
      <ItemStatus/>
    </Item>
    <Item>
      <PriceUpdateTime>2025-04-20T08:54:12.000</PriceUpdateTime>
      <ItemCode>7290005020346</ItemCode>
      <LastSaleDateTime>2026-01-09T12:53:54.000</LastSaleDateTime>
      <ItemType>1</ItemType>
      <ItemName>רום בקרדי לבן 750 מ"</ItemName>
      <ManufactureName>לא ידוע</ManufactureName>
      <ManufactureCountry>לא ידוע</ManufactureCountry>
      <ManufactureItemDescription>רום בקרדי לבן 750 מ"</ManufactureItemDescription>
      <UnitQty>לא ידוע</UnitQty>
      <Quantity>750.00</Quantity>
      <UnitOfMeasure>100 מ"ל</UnitOfMeasure>
      <bIsWeighted>0</bIsWeighted>
      <QtyInPackage>לא ידוע</QtyInPackage>
      <ItemPrice>111.10</ItemPrice>
      <UnitOfMeasurePrice>0.15</UnitOfMeasurePrice>
      <AllowDiscount>1</AllowDiscount>
      <ItemStatus/>
    </Item>
    <Item>
      <PriceUpdateTime>2025-04-20T08:54:13.000</PriceUpdateTime>
      <ItemCode>7290008464604</ItemCode>
      <LastSaleDateTime>2026-01-29T22:01:58.000</LastSaleDateTime>
      <ItemType>1</ItemType>
      <ItemName>בירה היינקן הולנד 50</ItemName>
      <ManufactureName>טמפו</ManufactureName>
      <ManufactureCountry>ישראל</ManufactureCountry>
      <ManufactureItemDescription>היינקן הולנד 500 פחית 24</ManufactureItemDescription>
      <UnitQty>לא ידוע</UnitQty>
      <Quantity>500.00</Quantity>
      <UnitOfMeasure>100 מ"ל</UnitOfMeasure>
      <bIsWeighted>0</bIsWeighted>
      <QtyInPackage>לא ידוע</QtyInPackage>
      <ItemPrice>11.90</ItemPrice>
      <UnitOfMeasurePrice>0.02</UnitOfMeasurePrice>
      <AllowDiscount>1</AllowDiscount>
      <ItemStatus/>
    </Item>
    <Item>
      <PriceUpdateTime>2025-04-20T08:54:13.000</PriceUpdateTime>
      <ItemCode>7290008464796</ItemCode>
      <LastSaleDateTime>2026-01-29T21:50:15.000</LastSaleDateTime>
      <ItemType>1</ItemType>
      <ItemName>בירה היינקן שישייה 3</ItemName>
      <ManufactureName>טמפו</ManufactureName>
      <ManufactureCountry>ישראל</ManufactureCountry>
      <ManufactureItemDescription>היינקן cities 330 בקבוק ח</ManufactureItemDescription>
      <UnitQty>ליטר</UnitQty>
      <Quantity>1.98</Quantity>
      <UnitOfMeasure>ליטר    </UnitOfMeasure>
      <bIsWeighted>0</bIsWeighted>
      <QtyInPackage>לא ידוע</QtyInPackage>
      <ItemPrice>34.90</ItemPrice>
      <UnitOfMeasurePrice>17.63</UnitOfMeasurePrice>
      <AllowDiscount>1</AllowDiscount>
      <ItemStatus/>
    </Item>
    <Item>
      <PriceUpdateTime>2025-04-20T08:54:13.000</PriceUpdateTime>
      <ItemCode>7290010237784</ItemCode>
      <LastSaleDateTime>2026-01-26T17:20:32.000</LastSaleDateTime>
      <ItemType>1</ItemType>
      <ItemName>שנדי לימון ליים 330</ItemName>
      <ManufactureName>טמפו</ManufactureName>
      <ManufactureCountry>ישראל</ManufactureCountry>
      <ManufactureItemDescription>שנדי לימון ליים 330 בקבוק</ManufactureItemDescription>
      <UnitQty>ליטר</UnitQty>
      <Quantity>1.98</Quantity>
      <UnitOfMeasure>ליטר    </UnitOfMeasure>
      <bIsWeighted>0</bIsWeighted>
      <QtyInPackage>לא ידוע</QtyInPackage>
      <ItemPrice>28.90</ItemPrice>
      <UnitOfMeasurePrice>14.60</UnitOfMeasurePrice>
      <AllowDiscount>1</AllowDiscount>
      <ItemStatus/>
    </Item>
    <Item>
      <PriceUpdateTime>2025-04-20T08:54:13.000</PriceUpdateTime>
      <ItemCode>7290011132514</ItemCode>
      <LastSaleDateTime>2015-01-01T00:00:00.000</LastSaleDateTime>
      <ItemType>1</ItemType>
      <ItemName>פאולנר 330 בקבוק</ItemName>
      <ManufactureName>טמפו</ManufactureName>
      <ManufactureCountry>גרמניה</ManufactureCountry>
      <ManufactureItemDescription>פאולנר 330 בקבוק 24 יח'</ManufactureItemDescription>
      <UnitQty>לא ידוע</UnitQty>
      <Quantity>330.00</Quantity>
      <UnitOfMeasure>100 מ"ל</UnitOfMeasure>
      <bIsWeighted>0</bIsWeighted>
      <QtyInPackage>לא ידוע</QtyInPackage>
      <ItemPrice>13.20</ItemPrice>
      <UnitOfMeasurePrice>0.04</UnitOfMeasurePrice>
      <AllowDiscount>1</AllowDiscount>
      <ItemStatus>2</ItemStatus>
    </Item>
    <Item>
      <PriceUpdateTime>2025-04-20T08:54:13.000</PriceUpdateTime>
      <ItemCode>7290011132514</ItemCode>
      <LastSaleDateTime>2015-01-01T00:00:00.000</LastSaleDateTime>
      <ItemType>1</ItemType>
      <ItemName>פאולנר 330 בקבוק</ItemName>
      <ManufactureName>טמפו</ManufactureName>
      <ManufactureCountry>גרמניה</ManufactureCountry>
      <ManufactureItemDescription>פאולנר 330 בקבוק 24 יח'</ManufactureItemDescription>
      <UnitQty>לא ידוע</UnitQty>
      <Quantity>330.00</Quantity>
      <UnitOfMeasure>100 מ"ל</UnitOfMeasure>
      <bIsWeighted>0</bIsWeighted>
      <QtyInPackage>לא ידוע</QtyInPackage>
      <ItemPrice>13.20</ItemPrice>
      <UnitOfMeasurePrice>0.04</UnitOfMeasurePrice>
      <AllowDiscount>1</AllowDiscount>
      <ItemStatus/>
    </Item>
    <Item>
      <PriceUpdateTime>2025-04-20T08:54:13.000</PriceUpdateTime>
      <ItemCode>7290011132552</ItemCode>
      <LastSaleDateTime>2015-01-01T00:00:00.000</LastSaleDateTime>
      <ItemType>1</ItemType>
      <ItemName>פאולנר 330 בקבוק רבי</ItemName>
      <ManufactureName>טמפו</ManufactureName>
      <ManufactureCountry>גרמניה</ManufactureCountry>
      <ManufactureItemDescription>פאולנר 330 בקבוק רביעייה</ManufactureItemDescription>
      <UnitQty>לא ידוע</UnitQty>
      <Quantity>330.00</Quantity>
      <UnitOfMeasure>100 מ"ל</UnitOfMeasure>
      <bIsWeighted>0</bIsWeighted>
      <QtyInPackage>לא ידוע</QtyInPackage>
      <ItemPrice>39.90</ItemPrice>
      <UnitOfMeasurePrice>0.12</UnitOfMeasurePrice>
      <AllowDiscount>1</AllowDiscount>
      <ItemStatus>2</ItemStatus>
    </Item>
    <Item>
      <PriceUpdateTime>2025-04-20T08:54:13.000</PriceUpdateTime>
      <ItemCode>7290011132552</ItemCode>
      <LastSaleDateTime>2015-01-01T00:00:00.000</LastSaleDateTime>
      <ItemType>1</ItemType>
      <ItemName>פאולנר 330 בקבוק רבי</ItemName>
      <ManufactureName>טמפו</ManufactureName>
      <ManufactureCountry>גרמניה</ManufactureCountry>
      <ManufactureItemDescription>פאולנר 330 בקבוק רביעייה</ManufactureItemDescription>
      <UnitQty>לא ידוע</UnitQty>
      <Quantity>330.00</Quantity>
      <UnitOfMeasure>100 מ"ל</UnitOfMeasure>
      <bIsWeighted>0</bIsWeighted>
      <QtyInPackage>לא ידוע</QtyInPackage>
      <ItemPrice>39.90</ItemPrice>
      <UnitOfMeasurePrice>0.12</UnitOfMeasurePrice>
      <AllowDiscount>1</AllowDiscount>
      <ItemStatus/>
    </Item>
    <Item>
      <PriceUpdateTime>2025-04-20T08:54:13.000</PriceUpdateTime>
      <ItemCode>7290011133368</ItemCode>
      <LastSaleDateTime>2026-01-08T19:00:17.000</LastSaleDateTime>
      <ItemType>1</ItemType>
      <ItemName>שנדי תפוח 330 בקבוק</ItemName>
      <ManufactureName>טמפו</ManufactureName>
      <ManufactureCountry>ישראל</ManufactureCountry>
      <ManufactureItemDescription>שנדי תפוח 330 בקבוק שישיי</ManufactureItemDescription>
      <UnitQty>ליטר</UnitQty>
      <Quantity>1.98</Quantity>
      <UnitOfMeasure>ליטר    </UnitOfMeasure>
      <bIsWeighted>0</bIsWeighted>
      <QtyInPackage>לא ידוע</QtyInPackage>
      <ItemPrice>28.90</ItemPrice>
      <UnitOfMeasurePrice>14.60</UnitOfMeasurePrice>
      <AllowDiscount>1</AllowDiscount>
      <ItemStatus/>
    </Item>
    <Item>
      <PriceUpdateTime>2025-04-20T08:54:13.000</PriceUpdateTime>
      <ItemCode>7290011133375</ItemCode>
      <LastSaleDateTime>2026-01-23T10:06:33.000</LastSaleDateTime>
      <ItemType>1</ItemType>
      <ItemName>שנדי אפרסק 330 בקבוק</ItemName>
      <ManufactureName>טמפו</ManufactureName>
      <ManufactureCountry>ישראל</ManufactureCountry>
      <ManufactureItemDescription>שנדי אפרסק 330 בקבוק שישי</ManufactureItemDescription>
      <UnitQty>ליטר</UnitQty>
      <Quantity>1.98</Quantity>
      <UnitOfMeasure>ליטר    </UnitOfMeasure>
      <bIsWeighted>0</bIsWeighted>
      <QtyInPackage>לא ידוע</QtyInPackage>
      <ItemPrice>28.90</ItemPrice>
      <UnitOfMeasurePrice>14.60</UnitOfMeasurePrice>
      <AllowDiscount>1</AllowDiscount>
      <ItemStatus/>
    </Item>
    <Item>
      <PriceUpdateTime>2025-04-20T08:54:14.000</PriceUpdateTime>
      <ItemCode>7290012921025</ItemCode>
      <LastSaleDateTime>2015-01-01T00:00:00.000</LastSaleDateTime>
      <ItemType>1</ItemType>
      <ItemName>בקבוק בירה מלכה בהיר</ItemName>
      <ManufactureName>בירה מלכה</ManufactureName>
      <ManufactureCountry>ישראל</ManufactureCountry>
      <ManufactureItemDescription>בירה מלכה בהירה</ManufactureItemDescription>
      <UnitQty>לא ידוע</UnitQty>
      <Quantity>330.00</Quantity>
      <UnitOfMeasure>100 מ"ל</UnitOfMeasure>
      <bIsWeighted>0</bIsWeighted>
      <QtyInPackage>לא ידוע</QtyInPackage>
      <ItemPrice>13.90</ItemPrice>
      <UnitOfMeasurePrice>0.04</UnitOfMeasurePrice>
      <AllowDiscount>1</AllowDiscount>
      <ItemStatus>2</ItemStatus>
    </Item>
    <Item>
      <PriceUpdateTime>2025-04-20T08:54:14.000</PriceUpdateTime>
      <ItemCode>7290012921025</ItemCode>
      <LastSaleDateTime>2015-01-01T00:00:00.000</LastSaleDateTime>
      <ItemType>1</ItemType>
      <ItemName>בקבוק בירה מלכה בהיר</ItemName>
      <ManufactureName>בירה מלכה</ManufactureName>
      <ManufactureCountry>ישראל</ManufactureCountry>
      <ManufactureItemDescription>בירה מלכה בהירה</ManufactureItemDescription>
      <UnitQty>לא ידוע</UnitQty>
      <Quantity>330.00</Quantity>
      <UnitOfMeasure>100 מ"ל</UnitOfMeasure>
      <bIsWeighted>0</bIsWeighted>
      <QtyInPackage>לא ידוע</QtyInPackage>
      <ItemPrice>13.90</ItemPrice>
      <UnitOfMeasurePrice>0.04</UnitOfMeasurePrice>
      <AllowDiscount>1</AllowDiscount>
      <ItemStatus/>
    </Item>
    <Item>
      <PriceUpdateTime>2025-04-20T08:54:14.000</PriceUpdateTime>
      <ItemCode>7290012921032</ItemCode>
      <LastSaleDateTime>2015-01-01T00:00:00.000</LastSaleDateTime>
      <ItemType>1</ItemType>
      <ItemName>בקבוק בירה מלכה אדמו</ItemName>
      <ManufactureName>בירה מלכה</ManufactureName>
      <ManufactureCountry>ישראל</ManufactureCountry>
      <ManufactureItemDescription>בירה מלכה אדמונית</ManufactureItemDescription>
      <UnitQty>לא ידוע</UnitQty>
      <Quantity>330.00</Quantity>
      <UnitOfMeasure>100 מ"ל</UnitOfMeasure>
      <bIsWeighted>0</bIsWeighted>
      <QtyInPackage>לא ידוע</QtyInPackage>
      <ItemPrice>13.90</ItemPrice>
      <UnitOfMeasurePrice>0.04</UnitOfMeasurePrice>
      <AllowDiscount>1</AllowDiscount>
      <ItemStatus>2</ItemStatus>
    </Item>
    <Item>
      <PriceUpdateTime>2025-04-20T08:54:14.000</PriceUpdateTime>
      <ItemCode>7290012921032</ItemCode>
      <LastSaleDateTime>2015-01-01T00:00:00.000</LastSaleDateTime>
      <ItemType>1</ItemType>
      <ItemName>בקבוק בירה מלכה אדמו</ItemName>
      <ManufactureName>בירה מלכה</ManufactureName>
      <ManufactureCountry>ישראל</ManufactureCountry>
      <ManufactureItemDescription>בירה מלכה אדמונית</ManufactureItemDescription>
      <UnitQty>לא ידוע</UnitQty>
      <Quantity>330.00</Quantity>
      <UnitOfMeasure>100 מ"ל</UnitOfMeasure>
      <bIsWeighted>0</bIsWeighted>
      <QtyInPackage>לא ידוע</QtyInPackage>
      <ItemPrice>13.90</ItemPrice>
      <UnitOfMeasurePrice>0.04</UnitOfMeasurePrice>
      <AllowDiscount>1</AllowDiscount>
      <ItemStatus/>
    </Item>
    <Item>
      <PriceUpdateTime>2025-04-20T08:54:14.000</PriceUpdateTime>
      <ItemCode>7290012921056</ItemCode>
      <LastSaleDateTime>2015-01-01T00:00:00.000</LastSaleDateTime>
      <ItemType>1</ItemType>
      <ItemName>בקבוק בירה מלכה חיטה</ItemName>
      <ManufactureName>בירה מלכה</ManufactureName>
      <ManufactureCountry>ישראל</ManufactureCountry>
      <ManufactureItemDescription>בירה מלכה חיטה</ManufactureItemDescription>
      <UnitQty>לא ידוע</UnitQty>
      <Quantity>330.00</Quantity>
      <UnitOfMeasure>100 מ"ל</UnitOfMeasure>
      <bIsWeighted>0</bIsWeighted>
      <QtyInPackage>לא ידוע</QtyInPackage>
      <ItemPrice>13.90</ItemPrice>
      <UnitOfMeasurePrice>0.04</UnitOfMeasurePrice>
      <AllowDiscount>1</AllowDiscount>
      <ItemStatus>2</ItemStatus>
    </Item>
    <Item>
      <PriceUpdateTime>2025-04-20T08:54:14.000</PriceUpdateTime>
      <ItemCode>7290012921056</ItemCode>
      <LastSaleDateTime>2015-01-01T00:00:00.000</LastSaleDateTime>
      <ItemType>1</ItemType>
      <ItemName>בקבוק בירה מלכה חיטה</ItemName>
      <ManufactureName>בירה מלכה</ManufactureName>
      <ManufactureCountry>ישראל</ManufactureCountry>
      <ManufactureItemDescription>בירה מלכה חיטה</ManufactureItemDescription>
      <UnitQty>לא ידוע</UnitQty>
      <Quantity>330.00</Quantity>
      <UnitOfMeasure>100 מ"ל</UnitOfMeasure>
      <bIsWeighted>0</bIsWeighted>
      <QtyInPackage>לא ידוע</QtyInPackage>
      <ItemPrice>13.90</ItemPrice>
      <UnitOfMeasurePrice>0.04</UnitOfMeasurePrice>
      <AllowDiscount>1</AllowDiscount>
      <ItemStatus/>
    </Item>
    <Item>
      <PriceUpdateTime>2025-04-20T08:54:14.000</PriceUpdateTime>
      <ItemCode>7290013276124</ItemCode>
      <LastSaleDateTime>2015-01-01T00:00:00.000</LastSaleDateTime>
      <ItemType>1</ItemType>
      <ItemName>בקבוק בירה נגב אמבר</ItemName>
      <ManufactureName>לא ידוע</ManufactureName>
      <ManufactureCountry>לא ידוע</ManufactureCountry>
      <ManufactureItemDescription>בקבוק בירה נגב אמבר</ManufactureItemDescription>
      <UnitQty>לא ידוע</UnitQty>
      <Quantity>330.00</Quantity>
      <UnitOfMeasure>100 מ"ל</UnitOfMeasure>
      <bIsWeighted>0</bIsWeighted>
      <QtyInPackage>לא ידוע</QtyInPackage>
      <ItemPrice>13.90</ItemPrice>
      <UnitOfMeasurePrice>0.04</UnitOfMeasurePrice>
      <AllowDiscount>1</AllowDiscount>
      <ItemStatus>2</ItemStatus>
    </Item>
    <Item>
      <PriceUpdateTime>2025-04-20T08:54:14.000</PriceUpdateTime>
      <ItemCode>7290013276124</ItemCode>
      <LastSaleDateTime>2015-01-01T00:00:00.000</LastSaleDateTime>
      <ItemType>1</ItemType>
      <ItemName>בקבוק בירה נגב אמבר</ItemName>
      <ManufactureName>לא ידוע</ManufactureName>
      <ManufactureCountry>לא ידוע</ManufactureCountry>
      <ManufactureItemDescription>בקבוק בירה נגב אמבר</ManufactureItemDescription>
      <UnitQty>לא ידוע</UnitQty>
      <Quantity>330.00</Quantity>
      <UnitOfMeasure>100 מ"ל</UnitOfMeasure>
      <bIsWeighted>0</bIsWeighted>
      <QtyInPackage>לא ידוע</QtyInPackage>
      <ItemPrice>13.90</ItemPrice>
      <UnitOfMeasurePrice>0.04</UnitOfMeasurePrice>
      <AllowDiscount>1</AllowDiscount>
      <ItemStatus/>
    </Item>
    <Item>
      <PriceUpdateTime>2025-04-20T08:54:14.000</PriceUpdateTime>
      <ItemCode>7290013430083</ItemCode>
      <LastSaleDateTime>2015-01-01T00:00:00.000</LastSaleDateTime>
      <ItemType>1</ItemType>
      <ItemName>אלכסנדר בלונד בירה 3</ItemName>
      <ManufactureName>לא ידוע</ManufactureName>
      <ManufactureCountry>לא ידוע</ManufactureCountry>
      <ManufactureItemDescription>אלכסנדר בלונד בירה 3</ManufactureItemDescription>
      <UnitQty>לא ידוע</UnitQty>
      <Quantity>330.00</Quantity>
      <UnitOfMeasure>100 מ"ל</UnitOfMeasure>
      <bIsWeighted>0</bIsWeighted>
      <QtyInPackage>לא ידוע</QtyInPackage>
      <ItemPrice>12.90</ItemPrice>
      <UnitOfMeasurePrice>0.04</UnitOfMeasurePrice>
      <AllowDiscount>1</AllowDiscount>
      <ItemStatus>2</ItemStatus>
    </Item>
    <Item>
      <PriceUpdateTime>2025-04-20T08:54:14.000</PriceUpdateTime>
      <ItemCode>7290013430083</ItemCode>
      <LastSaleDateTime>2015-01-01T00:00:00.000</LastSaleDateTime>
      <ItemType>1</ItemType>
      <ItemName>אלכסנדר בלונד בירה 3</ItemName>
      <ManufactureName>לא ידוע</ManufactureName>
      <ManufactureCountry>לא ידוע</ManufactureCountry>
      <ManufactureItemDescription>אלכסנדר בלונד בירה 3</ManufactureItemDescription>
      <UnitQty>לא ידוע</UnitQty>
      <Quantity>330.00</Quantity>
      <UnitOfMeasure>100 מ"ל</UnitOfMeasure>
      <bIsWeighted>0</bIsWeighted>
      <QtyInPackage>לא ידוע</QtyInPackage>
      <ItemPrice>12.90</ItemPrice>
      <UnitOfMeasurePrice>0.04</UnitOfMeasurePrice>
      <AllowDiscount>1</AllowDiscount>
      <ItemStatus/>
    </Item>
    <Item>
      <PriceUpdateTime>2025-04-20T08:54:14.000</PriceUpdateTime>
      <ItemCode>7290013430090</ItemCode>
      <LastSaleDateTime>2015-01-01T00:00:00.000</LastSaleDateTime>
      <ItemType>1</ItemType>
      <ItemName>אלכסנדר אמברה בירה 3</ItemName>
      <ManufactureName>לא ידוע</ManufactureName>
      <ManufactureCountry>לא ידוע</ManufactureCountry>
      <ManufactureItemDescription>אלכסנדר אמברה בירה 3</ManufactureItemDescription>
      <UnitQty>לא ידוע</UnitQty>
      <Quantity>330.00</Quantity>
      <UnitOfMeasure>100 מ"ל</UnitOfMeasure>
      <bIsWeighted>0</bIsWeighted>
      <QtyInPackage>לא ידוע</QtyInPackage>
      <ItemPrice>12.90</ItemPrice>
      <UnitOfMeasurePrice>0.04</UnitOfMeasurePrice>
      <AllowDiscount>1</AllowDiscount>
      <ItemStatus>2</ItemStatus>
    </Item>
    <Item>
      <PriceUpdateTime>2025-04-20T08:54:14.000</PriceUpdateTime>
      <ItemCode>7290013430090</ItemCode>
      <LastSaleDateTime>2015-01-01T00:00:00.000</LastSaleDateTime>
      <ItemType>1</ItemType>
      <ItemName>אלכסנדר אמברה בירה 3</ItemName>
      <ManufactureName>לא ידוע</ManufactureName>
      <ManufactureCountry>לא ידוע</ManufactureCountry>
      <ManufactureItemDescription>אלכסנדר אמברה בירה 3</ManufactureItemDescription>
      <UnitQty>לא ידוע</UnitQty>
      <Quantity>330.00</Quantity>
      <UnitOfMeasure>100 מ"ל</UnitOfMeasure>
      <bIsWeighted>0</bIsWeighted>
      <QtyInPackage>לא ידוע</QtyInPackage>
      <ItemPrice>12.90</ItemPrice>
      <UnitOfMeasurePrice>0.04</UnitOfMeasurePrice>
      <AllowDiscount>1</AllowDiscount>
      <ItemStatus/>
    </Item>
    <Item>
      <PriceUpdateTime>2025-04-20T08:54:14.000</PriceUpdateTime>
      <ItemCode>7290013430250</ItemCode>
      <LastSaleDateTime>2015-01-01T00:00:00.000</LastSaleDateTime>
      <ItemType>1</ItemType>
      <ItemName>אלכסנדר חיטה ישראלית</ItemName>
      <ManufactureName>לא ידוע</ManufactureName>
      <ManufactureCountry>לא ידוע</ManufactureCountry>
      <ManufactureItemDescription>אלכסנדר חיטה ישראלית</ManufactureItemDescription>
      <UnitQty>לא ידוע</UnitQty>
      <Quantity>330.00</Quantity>
      <UnitOfMeasure>100 מ"ל</UnitOfMeasure>
      <bIsWeighted>0</bIsWeighted>
      <QtyInPackage>לא ידוע</QtyInPackage>
      <ItemPrice>12.90</ItemPrice>
      <UnitOfMeasurePrice>0.04</UnitOfMeasurePrice>
      <AllowDiscount>1</AllowDiscount>
      <ItemStatus>2</ItemStatus>
    </Item>
    <Item>
      <PriceUpdateTime>2025-04-20T08:54:14.000</PriceUpdateTime>
      <ItemCode>7290013430250</ItemCode>
      <LastSaleDateTime>2015-01-01T00:00:00.000</LastSaleDateTime>
      <ItemType>1</ItemType>
      <ItemName>אלכסנדר חיטה ישראלית</ItemName>
      <ManufactureName>לא ידוע</ManufactureName>
      <ManufactureCountry>לא ידוע</ManufactureCountry>
      <ManufactureItemDescription>אלכסנדר חיטה ישראלית</ManufactureItemDescription>
      <UnitQty>לא ידוע</UnitQty>
      <Quantity>330.00</Quantity>
      <UnitOfMeasure>100 מ"ל</UnitOfMeasure>
      <bIsWeighted>0</bIsWeighted>
      <QtyInPackage>לא ידוע</QtyInPackage>
      <ItemPrice>12.90</ItemPrice>
      <UnitOfMeasurePrice>0.04</UnitOfMeasurePrice>
      <AllowDiscount>1</AllowDiscount>
      <ItemStatus/>
    </Item>
    <Item>
      <PriceUpdateTime>2025-04-20T08:54:14.000</PriceUpdateTime>
      <ItemCode>7290012956737</ItemCode>
      <LastSaleDateTime>2015-01-01T00:00:00.000</LastSaleDateTime>
      <ItemType>1</ItemType>
      <ItemName>ערק גלילי אוטנטי 700</ItemName>
      <ManufactureName>לא ידוע</ManufactureName>
      <ManufactureCountry>לא ידוע</ManufactureCountry>
      <ManufactureItemDescription>ערק גלילי אוטנטי 700</ManufactureItemDescription>
      <UnitQty>לא ידוע</UnitQty>
      <Quantity>700.00</Quantity>
      <UnitOfMeasure>100 מ"ל</UnitOfMeasure>
      <bIsWeighted>0</bIsWeighted>
      <QtyInPackage>לא ידוע</QtyInPackage>
      <ItemPrice>50.50</ItemPrice>
      <UnitOfMeasurePrice>0.07</UnitOfMeasurePrice>
      <AllowDiscount>1</AllowDiscount>
      <ItemStatus>2</ItemStatus>
    </Item>
    <Item>
      <PriceUpdateTime>2025-04-20T08:54:14.000</PriceUpdateTime>
      <ItemCode>7290012956737</ItemCode>
      <LastSaleDateTime>2015-01-01T00:00:00.000</LastSaleDateTime>
      <ItemType>1</ItemType>
      <ItemName>ערק גלילי אוטנטי 700</ItemName>
      <ManufactureName>לא ידוע</ManufactureName>
      <ManufactureCountry>לא ידוע</ManufactureCountry>
      <ManufactureItemDescription>ערק גלילי אוטנטי 700</ManufactureItemDescription>
      <UnitQty>לא ידוע</UnitQty>
      <Quantity>700.00</Quantity>
      <UnitOfMeasure>100 מ"ל</UnitOfMeasure>
      <bIsWeighted>0</bIsWeighted>
      <QtyInPackage>לא ידוע</QtyInPackage>
      <ItemPrice>50.50</ItemPrice>
      <UnitOfMeasurePrice>0.07</UnitOfMeasurePrice>
      <AllowDiscount>1</AllowDiscount>
      <ItemStatus/>
    </Item>
    <Item>
      <PriceUpdateTime>2025-04-20T08:54:14.000</PriceUpdateTime>
      <ItemCode>7290012956928</ItemCode>
      <LastSaleDateTime>2015-01-01T00:00:00.000</LastSaleDateTime>
      <ItemType>1</ItemType>
      <ItemName>ברנדי 500 מל</ItemName>
      <ManufactureName>לא ידוע</ManufactureName>
      <ManufactureCountry>לא ידוע</ManufactureCountry>
      <ManufactureItemDescription>ברנדי 500 מל</ManufactureItemDescription>
      <UnitQty>לא ידוע</UnitQty>
      <Quantity>500.00</Quantity>
      <UnitOfMeasure>100 מ"ל</UnitOfMeasure>
      <bIsWeighted>0</bIsWeighted>
      <QtyInPackage>לא ידוע</QtyInPackage>
      <ItemPrice>30.20</ItemPrice>
      <UnitOfMeasurePrice>0.06</UnitOfMeasurePrice>
      <AllowDiscount>1</AllowDiscount>
      <ItemStatus>2</ItemStatus>
    </Item>
    <Item>
      <PriceUpdateTime>2025-04-20T08:54:14.000</PriceUpdateTime>
      <ItemCode>7290012956928</ItemCode>
      <LastSaleDateTime>2015-01-01T00:00:00.000</LastSaleDateTime>
      <ItemType>1</ItemType>
      <ItemName>ברנדי 500 מל</ItemName>
      <ManufactureName>לא ידוע</ManufactureName>
      <ManufactureCountry>לא ידוע</ManufactureCountry>
      <ManufactureItemDescription>ברנדי 500 מל</ManufactureItemDescription>
      <UnitQty>לא ידוע</UnitQty>
      <Quantity>500.00</Quantity>
      <UnitOfMeasure>100 מ"ל</UnitOfMeasure>
      <bIsWeighted>0</bIsWeighted>
      <QtyInPackage>לא ידוע</QtyInPackage>
      <ItemPrice>30.20</ItemPrice>
      <UnitOfMeasurePrice>0.06</UnitOfMeasurePrice>
      <AllowDiscount>1</AllowDiscount>
      <ItemStatus/>
    </Item>
    <Item>
      <PriceUpdateTime>2025-04-20T08:54:14.000</PriceUpdateTime>
      <ItemCode>7290013430625</ItemCode>
      <LastSaleDateTime>2015-01-01T00:00:00.000</LastSaleDateTime>
      <ItemType>1</ItemType>
      <ItemName>בירה אלכסנדר לאגר 33</ItemName>
      <ManufactureName>לא ידוע</ManufactureName>
      <ManufactureCountry>לא ידוע</ManufactureCountry>
      <ManufactureItemDescription>בירה אלכסנדר לאגר 33</ManufactureItemDescription>
      <UnitQty>לא ידוע</UnitQty>
      <Quantity>330.00</Quantity>
      <UnitOfMeasure>100 מ"ל</UnitOfMeasure>
      <bIsWeighted>0</bIsWeighted>
      <QtyInPackage>לא ידוע</QtyInPackage>
      <ItemPrice>12.90</ItemPrice>
      <UnitOfMeasurePrice>0.04</UnitOfMeasurePrice>
      <AllowDiscount>1</AllowDiscount>
      <ItemStatus>2</ItemStatus>
    </Item>
    <Item>
      <PriceUpdateTime>2025-04-20T08:54:14.000</PriceUpdateTime>
      <ItemCode>7290013430625</ItemCode>
      <LastSaleDateTime>2015-01-01T00:00:00.000</LastSaleDateTime>
      <ItemType>1</ItemType>
      <ItemName>בירה אלכסנדר לאגר 33</ItemName>
      <ManufactureName>לא ידוע</ManufactureName>
      <ManufactureCountry>לא ידוע</ManufactureCountry>
      <ManufactureItemDescription>בירה אלכסנדר לאגר 33</ManufactureItemDescription>
      <UnitQty>לא ידוע</UnitQty>
      <Quantity>330.00</Quantity>
      <UnitOfMeasure>100 מ"ל</UnitOfMeasure>
      <bIsWeighted>0</bIsWeighted>
      <QtyInPackage>לא ידוע</QtyInPackage>
      <ItemPrice>12.90</ItemPrice>
      <UnitOfMeasurePrice>0.04</UnitOfMeasurePrice>
      <AllowDiscount>1</AllowDiscount>
      <ItemStatus/>
    </Item>
    <Item>
      <PriceUpdateTime>2025-04-20T08:54:15.000</PriceUpdateTime>
      <ItemCode>7290019056201</ItemCode>
      <LastSaleDateTime>2026-01-28T15:24:56.000</LastSaleDateTime>
      <ItemType>1</ItemType>
      <ItemName>סודה בטעם פירות יער</ItemName>
      <ManufactureName>לא ידוע</ManufactureName>
      <ManufactureCountry>לא ידוע</ManufactureCountry>
      <ManufactureItemDescription>סודה בטעם פירות יער</ManufactureItemDescription>
      <UnitQty>ליטר</UnitQty>
      <Quantity>6.00</Quantity>
      <UnitOfMeasure>ליטר    </UnitOfMeasure>
      <bIsWeighted>0</bIsWeighted>
      <QtyInPackage>לא ידוע</QtyInPackage>
      <ItemPrice>12.40</ItemPrice>
      <UnitOfMeasurePrice>2.07</UnitOfMeasurePrice>
      <AllowDiscount>1</AllowDiscount>
      <ItemStatus/>
    </Item>
    <Item>
      <PriceUpdateTime>2025-04-20T08:54:15.000</PriceUpdateTime>
      <ItemCode>7290019398233</ItemCode>
      <LastSaleDateTime>2026-01-28T14:16:25.000</LastSaleDateTime>
      <ItemType>1</ItemType>
      <ItemName>סטלה ארטואה בקבוק 6*</ItemName>
      <ManufactureName>לא ידוע</ManufactureName>
      <ManufactureCountry>לא ידוע</ManufactureCountry>
      <ManufactureItemDescription>סטלה ארטואה בקבוק 6*</ManufactureItemDescription>
      <UnitQty>ליטר</UnitQty>
      <Quantity>1.98</Quantity>
      <UnitOfMeasure>ליטר    </UnitOfMeasure>
      <bIsWeighted>0</bIsWeighted>
      <QtyInPackage>לא ידוע</QtyInPackage>
      <ItemPrice>34.90</ItemPrice>
      <UnitOfMeasurePrice>17.63</UnitOfMeasurePrice>
      <AllowDiscount>1</AllowDiscount>
      <ItemStatus/>
    </Item>
    <Item>
      <PriceUpdateTime>2025-04-20T08:54:15.000</PriceUpdateTime>
      <ItemCode>7290019398264</ItemCode>
      <LastSaleDateTime>2025-12-25T00:00:00.000</LastSaleDateTime>
      <ItemType>1</ItemType>
      <ItemName>בירה קורונה 335 מ"ל</ItemName>
      <ManufactureName>לא ידוע</ManufactureName>
      <ManufactureCountry>לא ידוע</ManufactureCountry>
      <ManufactureItemDescription>בירה קורונה 335 מ"ל</ManufactureItemDescription>
      <UnitQty>לא ידוע</UnitQty>
      <Quantity>335.00</Quantity>
      <UnitOfMeasure>100 מ"ל</UnitOfMeasure>
      <bIsWeighted>0</bIsWeighted>
      <QtyInPackage>לא ידוע</QtyInPackage>
      <ItemPrice>8.00</ItemPrice>
      <UnitOfMeasurePrice>0.02</UnitOfMeasurePrice>
      <AllowDiscount>1</AllowDiscount>
      <ItemStatus/>
    </Item>
    <Item>
      <PriceUpdateTime>2025-04-20T08:54:15.000</PriceUpdateTime>
      <ItemCode>7290019398240</ItemCode>
      <LastSaleDateTime>2026-01-29T15:34:06.000</LastSaleDateTime>
      <ItemType>1</ItemType>
      <ItemName>בירה אייל בהירה 6.6%</ItemName>
      <ManufactureName>לא ידוע</ManufactureName>
      <ManufactureCountry>לא ידוע</ManufactureCountry>
      <ManufactureItemDescription>בירה אייל בהירה 6.6%</ManufactureItemDescription>
      <UnitQty>ליטר</UnitQty>
      <Quantity>1.98</Quantity>
      <UnitOfMeasure>ליטר    </UnitOfMeasure>
      <bIsWeighted>0</bIsWeighted>
      <QtyInPackage>לא ידוע</QtyInPackage>
      <ItemPrice>39.90</ItemPrice>
      <UnitOfMeasurePrice>20.15</UnitOfMeasurePrice>
      <AllowDiscount>1</AllowDiscount>
      <ItemStatus/>
    </Item>
    <Item>
      <PriceUpdateTime>2025-04-20T08:54:15.000</PriceUpdateTime>
      <ItemCode>7290019398271</ItemCode>
      <LastSaleDateTime>2015-01-01T00:00:00.000</LastSaleDateTime>
      <ItemType>1</ItemType>
      <ItemName>לף בירה בקבוק 330 מ"</ItemName>
      <ManufactureName>לא ידוע</ManufactureName>
      <ManufactureCountry>לא ידוע</ManufactureCountry>
      <ManufactureItemDescription>לף בירה בקבוק 330 מ"</ManufactureItemDescription>
      <UnitQty>לא ידוע</UnitQty>
      <Quantity>330.00</Quantity>
      <UnitOfMeasure>100 מ"ל</UnitOfMeasure>
      <bIsWeighted>0</bIsWeighted>
      <QtyInPackage>לא ידוע</QtyInPackage>
      <ItemPrice>9.00</ItemPrice>
      <UnitOfMeasurePrice>0.03</UnitOfMeasurePrice>
      <AllowDiscount>1</AllowDiscount>
      <ItemStatus>2</ItemStatus>
    </Item>
    <Item>
      <PriceUpdateTime>2025-04-20T08:54:15.000</PriceUpdateTime>
      <ItemCode>7290019398271</ItemCode>
      <LastSaleDateTime>2015-01-01T00:00:00.000</LastSaleDateTime>
      <ItemType>1</ItemType>
      <ItemName>לף בירה בקבוק 330 מ"</ItemName>
      <ManufactureName>לא ידוע</ManufactureName>
      <ManufactureCountry>לא ידוע</ManufactureCountry>
      <ManufactureItemDescription>לף בירה בקבוק 330 מ"</ManufactureItemDescription>
      <UnitQty>לא ידוע</UnitQty>
      <Quantity>330.00</Quantity>
      <UnitOfMeasure>100 מ"ל</UnitOfMeasure>
      <bIsWeighted>0</bIsWeighted>
      <QtyInPackage>לא ידוע</QtyInPackage>
      <ItemPrice>9.00</ItemPrice>
      <UnitOfMeasurePrice>0.03</UnitOfMeasurePrice>
      <AllowDiscount>1</AllowDiscount>
      <ItemStatus/>
    </Item>
    <Item>
      <PriceUpdateTime>2025-04-20T08:54:16.000</PriceUpdateTime>
      <ItemCode>7290110110277</ItemCode>
      <LastSaleDateTime>2015-01-01T00:00:00.000</LastSaleDateTime>
      <ItemType>1</ItemType>
      <ItemName>סומרסבי סיידר 4 בק 3</ItemName>
      <ManufactureName>לא ידוע</ManufactureName>
      <ManufactureCountry>לא ידוע</ManufactureCountry>
      <ManufactureItemDescription>סומרסבי סיידר 4 בק 3</ManufactureItemDescription>
      <UnitQty>לא ידוע</UnitQty>
      <Quantity>330.00</Quantity>
      <UnitOfMeasure>100 מ"ל</UnitOfMeasure>
      <bIsWeighted>0</bIsWeighted>
      <QtyInPackage>לא ידוע</QtyInPackage>
      <ItemPrice>37.30</ItemPrice>
      <UnitOfMeasurePrice>0.11</UnitOfMeasurePrice>
      <AllowDiscount>1</AllowDiscount>
      <ItemStatus>2</ItemStatus>
    </Item>
    <Item>
      <PriceUpdateTime>2025-04-20T08:54:16.000</PriceUpdateTime>
      <ItemCode>7290110110277</ItemCode>
      <LastSaleDateTime>2015-01-01T00:00:00.000</LastSaleDateTime>
      <ItemType>1</ItemType>
      <ItemName>סומרסבי סיידר 4 בק 3</ItemName>
      <ManufactureName>לא ידוע</ManufactureName>
      <ManufactureCountry>לא ידוע</ManufactureCountry>
      <ManufactureItemDescription>סומרסבי סיידר 4 בק 3</ManufactureItemDescription>
      <UnitQty>לא ידוע</UnitQty>
      <Quantity>330.00</Quantity>
      <UnitOfMeasure>100 מ"ל</UnitOfMeasure>
      <bIsWeighted>0</bIsWeighted>
      <QtyInPackage>לא ידוע</QtyInPackage>
      <ItemPrice>37.30</ItemPrice>
      <UnitOfMeasurePrice>0.11</UnitOfMeasurePrice>
      <AllowDiscount>1</AllowDiscount>
      <ItemStatus/>
    </Item>
    <Item>
      <PriceUpdateTime>2025-04-20T08:54:16.000</PriceUpdateTime>
      <ItemCode>7290019443124</ItemCode>
      <LastSaleDateTime>2015-01-01T00:00:00.000</LastSaleDateTime>
      <ItemType>1</ItemType>
      <ItemName>בירה נגב אואזיס 330</ItemName>
      <ManufactureName>לא ידוע</ManufactureName>
      <ManufactureCountry>לא ידוע</ManufactureCountry>
      <ManufactureItemDescription>בירה נגב אואזיס 330</ManufactureItemDescription>
      <UnitQty>לא ידוע</UnitQty>
      <Quantity>330.00</Quantity>
      <UnitOfMeasure>100 מ"ל</UnitOfMeasure>
      <bIsWeighted>0</bIsWeighted>
      <QtyInPackage>לא ידוע</QtyInPackage>
      <ItemPrice>13.90</ItemPrice>
      <UnitOfMeasurePrice>0.04</UnitOfMeasurePrice>
      <AllowDiscount>1</AllowDiscount>
      <ItemStatus>2</ItemStatus>
    </Item>
    <Item>
      <PriceUpdateTime>2025-04-20T08:54:16.000</PriceUpdateTime>
      <ItemCode>7290019443124</ItemCode>
      <LastSaleDateTime>2015-01-01T00:00:00.000</LastSaleDateTime>
      <ItemType>1</ItemType>
      <ItemName>בירה נגב אואזיס 330</ItemName>
      <ManufactureName>לא ידוע</ManufactureName>
      <ManufactureCountry>לא ידוע</ManufactureCountry>
      <ManufactureItemDescription>בירה נגב אואזיס 330</ManufactureItemDescription>
      <UnitQty>לא ידוע</UnitQty>
      <Quantity>330.00</Quantity>
      <UnitOfMeasure>100 מ"ל</UnitOfMeasure>
      <bIsWeighted>0</bIsWeighted>
      <QtyInPackage>לא ידוע</QtyInPackage>
      <ItemPrice>13.90</ItemPrice>
      <UnitOfMeasurePrice>0.04</UnitOfMeasurePrice>
      <AllowDiscount>1</AllowDiscount>
      <ItemStatus/>
    </Item>
    <Item>
      <PriceUpdateTime>2025-04-20T08:54:16.000</PriceUpdateTime>
      <ItemCode>7290019398295</ItemCode>
      <LastSaleDateTime>2025-08-06T00:00:00.000</LastSaleDateTime>
      <ItemType>1</ItemType>
      <ItemName>הוגרדן בקבוק 330 מ"ל</ItemName>
      <ManufactureName>לא ידוע</ManufactureName>
      <ManufactureCountry>לא ידוע</ManufactureCountry>
      <ManufactureItemDescription>הוגרדן בקבוק 330 מ"ל</ManufactureItemDescription>
      <UnitQty>לא ידוע</UnitQty>
      <Quantity>330.00</Quantity>
      <UnitOfMeasure>100 מ"ל</UnitOfMeasure>
      <bIsWeighted>0</bIsWeighted>
      <QtyInPackage>לא ידוע</QtyInPackage>
      <ItemPrice>10.00</ItemPrice>
      <UnitOfMeasurePrice>0.03</UnitOfMeasurePrice>
      <AllowDiscount>1</AllowDiscount>
      <ItemStatus>2</ItemStatus>
    </Item>
    <Item>
      <PriceUpdateTime>2025-04-20T08:54:16.000</PriceUpdateTime>
      <ItemCode>7290019398295</ItemCode>
      <LastSaleDateTime>2025-08-06T00:00:00.000</LastSaleDateTime>
      <ItemType>1</ItemType>
      <ItemName>הוגרדן בקבוק 330 מ"ל</ItemName>
      <ManufactureName>לא ידוע</ManufactureName>
      <ManufactureCountry>לא ידוע</ManufactureCountry>
      <ManufactureItemDescription>הוגרדן בקבוק 330 מ"ל</ManufactureItemDescription>
      <UnitQty>לא ידוע</UnitQty>
      <Quantity>330.00</Quantity>
      <UnitOfMeasure>100 מ"ל</UnitOfMeasure>
      <bIsWeighted>0</bIsWeighted>
      <QtyInPackage>לא ידוע</QtyInPackage>
      <ItemPrice>10.00</ItemPrice>
      <UnitOfMeasurePrice>0.03</UnitOfMeasurePrice>
      <AllowDiscount>1</AllowDiscount>
      <ItemStatus/>
    </Item>
    <Item>
      <PriceUpdateTime>2025-04-20T08:54:16.000</PriceUpdateTime>
      <ItemCode>7290019398448</ItemCode>
      <LastSaleDateTime>2015-01-01T00:00:00.000</LastSaleDateTime>
      <ItemType>1</ItemType>
      <ItemName>מארז בירה אלכסנדר עם</ItemName>
      <ManufactureName>לא ידוע</ManufactureName>
      <ManufactureCountry>לא ידוע</ManufactureCountry>
      <ManufactureItemDescription>מארז בירה אלכסנדר עם</ManufactureItemDescription>
      <UnitQty>לא ידוע</UnitQty>
      <Quantity>1320.00</Quantity>
      <UnitOfMeasure>100 מ"ל</UnitOfMeasure>
      <bIsWeighted>0</bIsWeighted>
      <QtyInPackage>לא ידוע</QtyInPackage>
      <ItemPrice>49.50</ItemPrice>
      <UnitOfMeasurePrice>0.04</UnitOfMeasurePrice>
      <AllowDiscount>1</AllowDiscount>
      <ItemStatus>2</ItemStatus>
    </Item>
    <Item>
      <PriceUpdateTime>2025-04-20T08:54:16.000</PriceUpdateTime>
      <ItemCode>7290019398448</ItemCode>
      <LastSaleDateTime>2015-01-01T00:00:00.000</LastSaleDateTime>
      <ItemType>1</ItemType>
      <ItemName>מארז בירה אלכסנדר עם</ItemName>
      <ManufactureName>לא ידוע</ManufactureName>
      <ManufactureCountry>לא ידוע</ManufactureCountry>
      <ManufactureItemDescription>מארז בירה אלכסנדר עם</ManufactureItemDescription>
      <UnitQty>לא ידוע</UnitQty>
      <Quantity>1320.00</Quantity>
      <UnitOfMeasure>100 מ"ל</UnitOfMeasure>
      <bIsWeighted>0</bIsWeighted>
      <QtyInPackage>לא ידוע</QtyInPackage>
      <ItemPrice>49.50</ItemPrice>
      <UnitOfMeasurePrice>0.04</UnitOfMeasurePrice>
      <AllowDiscount>1</AllowDiscount>
      <ItemStatus/>
    </Item>
    <Item>
      <PriceUpdateTime>2025-04-20T08:54:16.000</PriceUpdateTime>
      <ItemCode>7290108620085</ItemCode>
      <LastSaleDateTime>2015-01-01T00:00:00.000</LastSaleDateTime>
      <ItemType>1</ItemType>
      <ItemName>יין אסטייט שרדונה יב</ItemName>
      <ManufactureName>לא ידוע</ManufactureName>
      <ManufactureCountry>לא ידוע</ManufactureCountry>
      <ManufactureItemDescription>יין אסטייט שרדונה יב</ManufactureItemDescription>
      <UnitQty>לא ידוע</UnitQty>
      <Quantity>750.00</Quantity>
      <UnitOfMeasure>100 מ"ל</UnitOfMeasure>
      <bIsWeighted>0</bIsWeighted>
      <QtyInPackage>לא ידוע</QtyInPackage>
      <ItemPrice>34.90</ItemPrice>
      <UnitOfMeasurePrice>0.05</UnitOfMeasurePrice>
      <AllowDiscount>1</AllowDiscount>
      <ItemStatus>2</ItemStatus>
    </Item>
    <Item>
      <PriceUpdateTime>2025-04-20T08:54:16.000</PriceUpdateTime>
      <ItemCode>7290108620085</ItemCode>
      <LastSaleDateTime>2015-01-01T00:00:00.000</LastSaleDateTime>
      <ItemType>1</ItemType>
      <ItemName>יין אסטייט שרדונה יב</ItemName>
      <ManufactureName>לא ידוע</ManufactureName>
      <ManufactureCountry>לא ידוע</ManufactureCountry>
      <ManufactureItemDescription>יין אסטייט שרדונה יב</ManufactureItemDescription>
      <UnitQty>לא ידוע</UnitQty>
      <Quantity>750.00</Quantity>
      <UnitOfMeasure>100 מ"ל</UnitOfMeasure>
      <bIsWeighted>0</bIsWeighted>
      <QtyInPackage>לא ידוע</QtyInPackage>
      <ItemPrice>34.90</ItemPrice>
      <UnitOfMeasurePrice>0.05</UnitOfMeasurePrice>
      <AllowDiscount>1</AllowDiscount>
      <ItemStatus/>
    </Item>
    <Item>
      <PriceUpdateTime>2025-04-20T08:54:18.000</PriceUpdateTime>
      <ItemCode>8002450202005</ItemCode>
      <LastSaleDateTime>2015-01-01T00:00:00.000</LastSaleDateTime>
      <ItemType>1</ItemType>
      <ItemName>ורדי אסאי כשר</ItemName>
      <ManufactureName>בוסקה</ManufactureName>
      <ManufactureCountry>איטליה</ManufactureCountry>
      <ManufactureItemDescription>ורדי ספרקלטיני אסאי בוסקה</ManufactureItemDescription>
      <UnitQty>לא ידוע</UnitQty>
      <Quantity>750.00</Quantity>
      <UnitOfMeasure>100 מ"ל</UnitOfMeasure>
      <bIsWeighted>0</bIsWeighted>
      <QtyInPackage>לא ידוע</QtyInPackage>
      <ItemPrice>24.90</ItemPrice>
      <UnitOfMeasurePrice>0.03</UnitOfMeasurePrice>
      <AllowDiscount>1</AllowDiscount>
      <ItemStatus>2</ItemStatus>
    </Item>
    <Item>
      <PriceUpdateTime>2025-04-20T08:54:18.000</PriceUpdateTime>
      <ItemCode>8002450202005</ItemCode>
      <LastSaleDateTime>2015-01-01T00:00:00.000</LastSaleDateTime>
      <ItemType>1</ItemType>
      <ItemName>ורדי אסאי כשר</ItemName>
      <ManufactureName>בוסקה</ManufactureName>
      <ManufactureCountry>איטליה</ManufactureCountry>
      <ManufactureItemDescription>ורדי ספרקלטיני אסאי בוסקה</ManufactureItemDescription>
      <UnitQty>לא ידוע</UnitQty>
      <Quantity>750.00</Quantity>
      <UnitOfMeasure>100 מ"ל</UnitOfMeasure>
      <bIsWeighted>0</bIsWeighted>
      <QtyInPackage>לא ידוע</QtyInPackage>
      <ItemPrice>24.90</ItemPrice>
      <UnitOfMeasurePrice>0.03</UnitOfMeasurePrice>
      <AllowDiscount>1</AllowDiscount>
      <ItemStatus/>
    </Item>
    <Item>
      <PriceUpdateTime>2025-04-20T08:54:18.000</PriceUpdateTime>
      <ItemCode>8002450203002</ItemCode>
      <LastSaleDateTime>2015-01-01T00:00:00.000</LastSaleDateTime>
      <ItemType>1</ItemType>
      <ItemName>ורדי אבטיח כשר</ItemName>
      <ManufactureName>לא ידוע</ManufactureName>
      <ManufactureCountry>לא ידוע</ManufactureCountry>
      <ManufactureItemDescription>ורדי אבטיח כשר</ManufactureItemDescription>
      <UnitQty>לא ידוע</UnitQty>
      <Quantity>750.00</Quantity>
      <UnitOfMeasure>100 מ"ל</UnitOfMeasure>
      <bIsWeighted>0</bIsWeighted>
      <QtyInPackage>לא ידוע</QtyInPackage>
      <ItemPrice>24.90</ItemPrice>
      <UnitOfMeasurePrice>0.03</UnitOfMeasurePrice>
      <AllowDiscount>1</AllowDiscount>
      <ItemStatus>2</ItemStatus>
    </Item>
    <Item>
      <PriceUpdateTime>2025-04-20T08:54:18.000</PriceUpdateTime>
      <ItemCode>8002450203002</ItemCode>
      <LastSaleDateTime>2015-01-01T00:00:00.000</LastSaleDateTime>
      <ItemType>1</ItemType>
      <ItemName>ורדי אבטיח כשר</ItemName>
      <ManufactureName>לא ידוע</ManufactureName>
      <ManufactureCountry>לא ידוע</ManufactureCountry>
      <ManufactureItemDescription>ורדי אבטיח כשר</ManufactureItemDescription>
      <UnitQty>לא ידוע</UnitQty>
      <Quantity>750.00</Quantity>
      <UnitOfMeasure>100 מ"ל</UnitOfMeasure>
      <bIsWeighted>0</bIsWeighted>
      <QtyInPackage>לא ידוע</QtyInPackage>
      <ItemPrice>24.90</ItemPrice>
      <UnitOfMeasurePrice>0.03</UnitOfMeasurePrice>
      <AllowDiscount>1</AllowDiscount>
      <ItemStatus/>
    </Item>
    <Item>
      <PriceUpdateTime>2025-04-20T08:54:18.000</PriceUpdateTime>
      <ItemCode>8002450204009</ItemCode>
      <LastSaleDateTime>2015-01-01T00:00:00.000</LastSaleDateTime>
      <ItemType>1</ItemType>
      <ItemName>ורדי אפרסק כשר</ItemName>
      <ManufactureName>בוסקה</ManufactureName>
      <ManufactureCountry>איטליה</ManufactureCountry>
      <ManufactureItemDescription>ורדי אפרסק כשר</ManufactureItemDescription>
      <UnitQty>לא ידוע</UnitQty>
      <Quantity>750.00</Quantity>
      <UnitOfMeasure>100 מ"ל</UnitOfMeasure>
      <bIsWeighted>0</bIsWeighted>
      <QtyInPackage>לא ידוע</QtyInPackage>
      <ItemPrice>24.90</ItemPrice>
      <UnitOfMeasurePrice>0.03</UnitOfMeasurePrice>
      <AllowDiscount>1</AllowDiscount>
      <ItemStatus>2</ItemStatus>
    </Item>
    <Item>
      <PriceUpdateTime>2025-04-20T08:54:18.000</PriceUpdateTime>
      <ItemCode>8002450204009</ItemCode>
      <LastSaleDateTime>2015-01-01T00:00:00.000</LastSaleDateTime>
      <ItemType>1</ItemType>
      <ItemName>ורדי אפרסק כשר</ItemName>
      <ManufactureName>בוסקה</ManufactureName>
      <ManufactureCountry>איטליה</ManufactureCountry>
      <ManufactureItemDescription>ורדי אפרסק כשר</ManufactureItemDescription>
      <UnitQty>לא ידוע</UnitQty>
      <Quantity>750.00</Quantity>
      <UnitOfMeasure>100 מ"ל</UnitOfMeasure>
      <bIsWeighted>0</bIsWeighted>
      <QtyInPackage>לא ידוע</QtyInPackage>
      <ItemPrice>24.90</ItemPrice>
      <UnitOfMeasurePrice>0.03</UnitOfMeasurePrice>
      <AllowDiscount>1</AllowDiscount>
      <ItemStatus/>
    </Item>
    <Item>
      <PriceUpdateTime>2025-04-20T08:54:18.000</PriceUpdateTime>
      <ItemCode>8593868006014</ItemCode>
      <LastSaleDateTime>2015-01-01T00:00:00.000</LastSaleDateTime>
      <ItemType>1</ItemType>
      <ItemName>פחית בלומון 500 מ"ל</ItemName>
      <ManufactureName>לא ידוע</ManufactureName>
      <ManufactureCountry>לא ידוע</ManufactureCountry>
      <ManufactureItemDescription>פחית בלומון 500 מ"ל</ManufactureItemDescription>
      <UnitQty>לא ידוע</UnitQty>
      <Quantity>500.00</Quantity>
      <UnitOfMeasure>100 מ"ל</UnitOfMeasure>
      <bIsWeighted>0</bIsWeighted>
      <QtyInPackage>לא ידוע</QtyInPackage>
      <ItemPrice>11.10</ItemPrice>
      <UnitOfMeasurePrice>0.02</UnitOfMeasurePrice>
      <AllowDiscount>1</AllowDiscount>
      <ItemStatus>2</ItemStatus>
    </Item>
    <Item>
      <PriceUpdateTime>2025-04-20T08:54:18.000</PriceUpdateTime>
      <ItemCode>8593868006014</ItemCode>
      <LastSaleDateTime>2015-01-01T00:00:00.000</LastSaleDateTime>
      <ItemType>1</ItemType>
      <ItemName>פחית בלומון 500 מ"ל</ItemName>
      <ManufactureName>לא ידוע</ManufactureName>
      <ManufactureCountry>לא ידוע</ManufactureCountry>
      <ManufactureItemDescription>פחית בלומון 500 מ"ל</ManufactureItemDescription>
      <UnitQty>לא ידוע</UnitQty>
      <Quantity>500.00</Quantity>
      <UnitOfMeasure>100 מ"ל</UnitOfMeasure>
      <bIsWeighted>0</bIsWeighted>
      <QtyInPackage>לא ידוע</QtyInPackage>
      <ItemPrice>11.10</ItemPrice>
      <UnitOfMeasurePrice>0.02</UnitOfMeasurePrice>
      <AllowDiscount>1</AllowDiscount>
      <ItemStatus/>
    </Item>
    <Item>
      <PriceUpdateTime>2025-04-20T08:54:18.000</PriceUpdateTime>
      <ItemCode>7501064196690</ItemCode>
      <LastSaleDateTime>2025-10-13T00:00:00.000</LastSaleDateTime>
      <ItemType>1</ItemType>
      <ItemName>בירה קורונה פחית 355</ItemName>
      <ManufactureName>לא ידוע</ManufactureName>
      <ManufactureCountry>לא ידוע</ManufactureCountry>
      <ManufactureItemDescription>בירה קורונה פחית 355</ManufactureItemDescription>
      <UnitQty>לא ידוע</UnitQty>
      <Quantity>355.00</Quantity>
      <UnitOfMeasure>100 מ"ל</UnitOfMeasure>
      <bIsWeighted>0</bIsWeighted>
      <QtyInPackage>לא ידוע</QtyInPackage>
      <ItemPrice>10.00</ItemPrice>
      <UnitOfMeasurePrice>0.03</UnitOfMeasurePrice>
      <AllowDiscount>1</AllowDiscount>
      <ItemStatus>2</ItemStatus>
    </Item>
    <Item>
      <PriceUpdateTime>2025-04-20T08:54:18.000</PriceUpdateTime>
      <ItemCode>7501064196690</ItemCode>
      <LastSaleDateTime>2025-10-13T00:00:00.000</LastSaleDateTime>
      <ItemType>1</ItemType>
      <ItemName>בירה קורונה פחית 355</ItemName>
      <ManufactureName>לא ידוע</ManufactureName>
      <ManufactureCountry>לא ידוע</ManufactureCountry>
      <ManufactureItemDescription>בירה קורונה פחית 355</ManufactureItemDescription>
      <UnitQty>לא ידוע</UnitQty>
      <Quantity>355.00</Quantity>
      <UnitOfMeasure>100 מ"ל</UnitOfMeasure>
      <bIsWeighted>0</bIsWeighted>
      <QtyInPackage>לא ידוע</QtyInPackage>
      <ItemPrice>10.00</ItemPrice>
      <UnitOfMeasurePrice>0.03</UnitOfMeasurePrice>
      <AllowDiscount>1</AllowDiscount>
      <ItemStatus/>
    </Item>
    <Item>
      <PriceUpdateTime>2025-04-20T08:54:18.000</PriceUpdateTime>
      <ItemCode>8593868000050</ItemCode>
      <LastSaleDateTime>2025-09-25T00:00:00.000</LastSaleDateTime>
      <ItemType>1</ItemType>
      <ItemName>בירה סטארופרמן 500 מ</ItemName>
      <ManufactureName>סטארופרמן</ManufactureName>
      <ManufactureCountry>לא ידוע</ManufactureCountry>
      <ManufactureItemDescription>בירה סטארופרמן 500 מ</ManufactureItemDescription>
      <UnitQty>לא ידוע</UnitQty>
      <Quantity>500.00</Quantity>
      <UnitOfMeasure>100 מ"ל</UnitOfMeasure>
      <bIsWeighted>0</bIsWeighted>
      <QtyInPackage>לא ידוע</QtyInPackage>
      <ItemPrice>11.90</ItemPrice>
      <UnitOfMeasurePrice>0.02</UnitOfMeasurePrice>
      <AllowDiscount>1</AllowDiscount>
      <ItemStatus>2</ItemStatus>
    </Item>
    <Item>
      <PriceUpdateTime>2025-04-20T08:54:18.000</PriceUpdateTime>
      <ItemCode>8593868000050</ItemCode>
      <LastSaleDateTime>2025-09-25T00:00:00.000</LastSaleDateTime>
      <ItemType>1</ItemType>
      <ItemName>בירה סטארופרמן 500 מ</ItemName>
      <ManufactureName>סטארופרמן</ManufactureName>
      <ManufactureCountry>לא ידוע</ManufactureCountry>
      <ManufactureItemDescription>בירה סטארופרמן 500 מ</ManufactureItemDescription>
      <UnitQty>לא ידוע</UnitQty>
      <Quantity>500.00</Quantity>
      <UnitOfMeasure>100 מ"ל</UnitOfMeasure>
      <bIsWeighted>0</bIsWeighted>
      <QtyInPackage>לא ידוע</QtyInPackage>
      <ItemPrice>11.90</ItemPrice>
      <UnitOfMeasurePrice>0.02</UnitOfMeasurePrice>
      <AllowDiscount>1</AllowDiscount>
      <ItemStatus/>
    </Item>
    <Item>
      <PriceUpdateTime>2025-04-20T08:54:18.000</PriceUpdateTime>
      <ItemCode>8593868000302</ItemCode>
      <LastSaleDateTime>2015-01-01T00:00:00.000</LastSaleDateTime>
      <ItemType>1</ItemType>
      <ItemName>סטארופרמן בירה 500 מ</ItemName>
      <ManufactureName>לא ידוע</ManufactureName>
      <ManufactureCountry>לא ידוע</ManufactureCountry>
      <ManufactureItemDescription>סטארופרמן בירה 500 מ</ManufactureItemDescription>
      <UnitQty>לא ידוע</UnitQty>
      <Quantity>500.00</Quantity>
      <UnitOfMeasure>100 מ"ל</UnitOfMeasure>
      <bIsWeighted>0</bIsWeighted>
      <QtyInPackage>לא ידוע</QtyInPackage>
      <ItemPrice>11.90</ItemPrice>
      <UnitOfMeasurePrice>0.02</UnitOfMeasurePrice>
      <AllowDiscount>1</AllowDiscount>
      <ItemStatus>2</ItemStatus>
    </Item>
    <Item>
      <PriceUpdateTime>2025-04-20T08:54:18.000</PriceUpdateTime>
      <ItemCode>8593868000302</ItemCode>
      <LastSaleDateTime>2015-01-01T00:00:00.000</LastSaleDateTime>
      <ItemType>1</ItemType>
      <ItemName>סטארופרמן בירה 500 מ</ItemName>
      <ManufactureName>לא ידוע</ManufactureName>
      <ManufactureCountry>לא ידוע</ManufactureCountry>
      <ManufactureItemDescription>סטארופרמן בירה 500 מ</ManufactureItemDescription>
      <UnitQty>לא ידוע</UnitQty>
      <Quantity>500.00</Quantity>
      <UnitOfMeasure>100 מ"ל</UnitOfMeasure>
      <bIsWeighted>0</bIsWeighted>
      <QtyInPackage>לא ידוע</QtyInPackage>
      <ItemPrice>11.90</ItemPrice>
      <UnitOfMeasurePrice>0.02</UnitOfMeasurePrice>
      <AllowDiscount>1</AllowDiscount>
      <ItemStatus/>
    </Item>
    <Item>
      <PriceUpdateTime>2025-04-20T08:54:18.000</PriceUpdateTime>
      <ItemCode>8593868006847</ItemCode>
      <LastSaleDateTime>2015-01-01T00:00:00.000</LastSaleDateTime>
      <ItemType>1</ItemType>
      <ItemName>בירה מילר פחית 500 מ</ItemName>
      <ManufactureName>לא ידוע</ManufactureName>
      <ManufactureCountry>לא ידוע</ManufactureCountry>
      <ManufactureItemDescription>בירה מילר פחית 500 מ</ManufactureItemDescription>
      <UnitQty>לא ידוע</UnitQty>
      <Quantity>500.00</Quantity>
      <UnitOfMeasure>100 מ"ל</UnitOfMeasure>
      <bIsWeighted>0</bIsWeighted>
      <QtyInPackage>לא ידוע</QtyInPackage>
      <ItemPrice>12.20</ItemPrice>
      <UnitOfMeasurePrice>0.02</UnitOfMeasurePrice>
      <AllowDiscount>1</AllowDiscount>
      <ItemStatus>2</ItemStatus>
    </Item>
    <Item>
      <PriceUpdateTime>2025-04-20T08:54:18.000</PriceUpdateTime>
      <ItemCode>8593868006847</ItemCode>
      <LastSaleDateTime>2015-01-01T00:00:00.000</LastSaleDateTime>
      <ItemType>1</ItemType>
      <ItemName>בירה מילר פחית 500 מ</ItemName>
      <ManufactureName>לא ידוע</ManufactureName>
      <ManufactureCountry>לא ידוע</ManufactureCountry>
      <ManufactureItemDescription>בירה מילר פחית 500 מ</ManufactureItemDescription>
      <UnitQty>לא ידוע</UnitQty>
      <Quantity>500.00</Quantity>
      <UnitOfMeasure>100 מ"ל</UnitOfMeasure>
      <bIsWeighted>0</bIsWeighted>
      <QtyInPackage>לא ידוע</QtyInPackage>
      <ItemPrice>12.20</ItemPrice>
      <UnitOfMeasurePrice>0.02</UnitOfMeasurePrice>
      <AllowDiscount>1</AllowDiscount>
      <ItemStatus/>
    </Item>
    <Item>
      <PriceUpdateTime>2025-04-20T08:54:18.000</PriceUpdateTime>
      <ItemCode>8002450201008</ItemCode>
      <LastSaleDateTime>2015-01-01T00:00:00.000</LastSaleDateTime>
      <ItemType>1</ItemType>
      <ItemName>ורדי רסברי כשר</ItemName>
      <ManufactureName>בוסקה</ManufactureName>
      <ManufactureCountry>איטליה</ManufactureCountry>
      <ManufactureItemDescription>ורדי רסברי  כשר</ManufactureItemDescription>
      <UnitQty>לא ידוע</UnitQty>
      <Quantity>750.00</Quantity>
      <UnitOfMeasure>100 מ"ל</UnitOfMeasure>
      <bIsWeighted>0</bIsWeighted>
      <QtyInPackage>לא ידוע</QtyInPackage>
      <ItemPrice>24.90</ItemPrice>
      <UnitOfMeasurePrice>0.03</UnitOfMeasurePrice>
      <AllowDiscount>1</AllowDiscount>
      <ItemStatus>2</ItemStatus>
    </Item>
    <Item>
      <PriceUpdateTime>2025-04-20T08:54:18.000</PriceUpdateTime>
      <ItemCode>8002450201008</ItemCode>
      <LastSaleDateTime>2015-01-01T00:00:00.000</LastSaleDateTime>
      <ItemType>1</ItemType>
      <ItemName>ורדי רסברי כשר</ItemName>
      <ManufactureName>בוסקה</ManufactureName>
      <ManufactureCountry>איטליה</ManufactureCountry>
      <ManufactureItemDescription>ורדי רסברי  כשר</ManufactureItemDescription>
      <UnitQty>לא ידוע</UnitQty>
      <Quantity>750.00</Quantity>
      <UnitOfMeasure>100 מ"ל</UnitOfMeasure>
      <bIsWeighted>0</bIsWeighted>
      <QtyInPackage>לא ידוע</QtyInPackage>
      <ItemPrice>24.90</ItemPrice>
      <UnitOfMeasurePrice>0.03</UnitOfMeasurePrice>
      <AllowDiscount>1</AllowDiscount>
      <ItemStatus/>
    </Item>
    <Item>
      <PriceUpdateTime>2025-04-20T08:54:18.000</PriceUpdateTime>
      <ItemCode>8593868004713</ItemCode>
      <LastSaleDateTime>2025-07-11T00:00:00.000</LastSaleDateTime>
      <ItemType>1</ItemType>
      <ItemName>בירה מילר שישייה 330</ItemName>
      <ManufactureName>לא ידוע</ManufactureName>
      <ManufactureCountry>לא ידוע</ManufactureCountry>
      <ManufactureItemDescription>בירה מילר שישייה 330</ManufactureItemDescription>
      <UnitQty>ליטר</UnitQty>
      <Quantity>1.98</Quantity>
      <UnitOfMeasure>ליטר    </UnitOfMeasure>
      <bIsWeighted>0</bIsWeighted>
      <QtyInPackage>לא ידוע</QtyInPackage>
      <ItemPrice>34.90</ItemPrice>
      <UnitOfMeasurePrice>17.63</UnitOfMeasurePrice>
      <AllowDiscount>1</AllowDiscount>
      <ItemStatus>2</ItemStatus>
    </Item>
    <Item>
      <PriceUpdateTime>2025-04-20T08:54:18.000</PriceUpdateTime>
      <ItemCode>8593868004713</ItemCode>
      <LastSaleDateTime>2025-07-11T00:00:00.000</LastSaleDateTime>
      <ItemType>1</ItemType>
      <ItemName>בירה מילר שישייה 330</ItemName>
      <ManufactureName>לא ידוע</ManufactureName>
      <ManufactureCountry>לא ידוע</ManufactureCountry>
      <ManufactureItemDescription>בירה מילר שישייה 330</ManufactureItemDescription>
      <UnitQty>ליטר</UnitQty>
      <Quantity>1.98</Quantity>
      <UnitOfMeasure>ליטר    </UnitOfMeasure>
      <bIsWeighted>0</bIsWeighted>
      <QtyInPackage>לא ידוע</QtyInPackage>
      <ItemPrice>34.90</ItemPrice>
      <UnitOfMeasurePrice>17.63</UnitOfMeasurePrice>
      <AllowDiscount>1</AllowDiscount>
      <ItemStatus/>
    </Item>
    <Item>
      <PriceUpdateTime>2025-04-20T08:54:18.000</PriceUpdateTime>
      <ItemCode>8593868007127</ItemCode>
      <LastSaleDateTime>2026-01-28T10:24:12.000</LastSaleDateTime>
      <ItemType>1</ItemType>
      <ItemName>בירה סטרופראמן שישיי</ItemName>
      <ManufactureName>לא ידוע</ManufactureName>
      <ManufactureCountry>לא ידוע</ManufactureCountry>
      <ManufactureItemDescription>בירה סטרופראמן שישיי</ManufactureItemDescription>
      <UnitQty>ליטר</UnitQty>
      <Quantity>1.98</Quantity>
      <UnitOfMeasure>ליטר    </UnitOfMeasure>
      <bIsWeighted>0</bIsWeighted>
      <QtyInPackage>לא ידוע</QtyInPackage>
      <ItemPrice>34.90</ItemPrice>
      <UnitOfMeasurePrice>17.63</UnitOfMeasurePrice>
      <AllowDiscount>1</AllowDiscount>
      <ItemStatus/>
    </Item>
    <Item>
      <PriceUpdateTime>2025-04-20T08:54:18.000</PriceUpdateTime>
      <ItemCode>8593868004690</ItemCode>
      <LastSaleDateTime>2015-01-01T00:00:00.000</LastSaleDateTime>
      <ItemType>1</ItemType>
      <ItemName>בירה מילר 330מל</ItemName>
      <ManufactureName>לא ידוע</ManufactureName>
      <ManufactureCountry>לא ידוע</ManufactureCountry>
      <ManufactureItemDescription>בירה מילר 330מל</ManufactureItemDescription>
      <UnitQty>לא ידוע</UnitQty>
      <Quantity>330.00</Quantity>
      <UnitOfMeasure>100 מ"ל</UnitOfMeasure>
      <bIsWeighted>0</bIsWeighted>
      <QtyInPackage>לא ידוע</QtyInPackage>
      <ItemPrice>8.00</ItemPrice>
      <UnitOfMeasurePrice>0.02</UnitOfMeasurePrice>
      <AllowDiscount>1</AllowDiscount>
      <ItemStatus>2</ItemStatus>
    </Item>
    <Item>
      <PriceUpdateTime>2025-04-20T08:54:18.000</PriceUpdateTime>
      <ItemCode>8593868004690</ItemCode>
      <LastSaleDateTime>2015-01-01T00:00:00.000</LastSaleDateTime>
      <ItemType>1</ItemType>
      <ItemName>בירה מילר 330מל</ItemName>
      <ManufactureName>לא ידוע</ManufactureName>
      <ManufactureCountry>לא ידוע</ManufactureCountry>
      <ManufactureItemDescription>בירה מילר 330מל</ManufactureItemDescription>
      <UnitQty>לא ידוע</UnitQty>
      <Quantity>330.00</Quantity>
      <UnitOfMeasure>100 מ"ל</UnitOfMeasure>
      <bIsWeighted>0</bIsWeighted>
      <QtyInPackage>לא ידוע</QtyInPackage>
      <ItemPrice>8.00</ItemPrice>
      <UnitOfMeasurePrice>0.02</UnitOfMeasurePrice>
      <AllowDiscount>1</AllowDiscount>
      <ItemStatus/>
    </Item>
    <Item>
      <PriceUpdateTime>2025-04-20T08:54:18.000</PriceUpdateTime>
      <ItemCode>7804414002550</ItemCode>
      <LastSaleDateTime>2015-01-01T00:00:00.000</LastSaleDateTime>
      <ItemType>1</ItemType>
      <ItemName>דון חוליו רבע שרדונה</ItemName>
      <ManufactureName>לא ידוע</ManufactureName>
      <ManufactureCountry>לא ידוע</ManufactureCountry>
      <ManufactureItemDescription>דון חוליו רבע שרדונה</ManufactureItemDescription>
      <UnitQty>לא ידוע</UnitQty>
      <Quantity>187.00</Quantity>
      <UnitOfMeasure>100 מ"ל</UnitOfMeasure>
      <bIsWeighted>0</bIsWeighted>
      <QtyInPackage>לא ידוע</QtyInPackage>
      <ItemPrice>8.90</ItemPrice>
      <UnitOfMeasurePrice>0.05</UnitOfMeasurePrice>
      <AllowDiscount>1</AllowDiscount>
      <ItemStatus>2</ItemStatus>
    </Item>
    <Item>
      <PriceUpdateTime>2025-04-20T08:54:18.000</PriceUpdateTime>
      <ItemCode>7804414002550</ItemCode>
      <LastSaleDateTime>2015-01-01T00:00:00.000</LastSaleDateTime>
      <ItemType>1</ItemType>
      <ItemName>דון חוליו רבע שרדונה</ItemName>
      <ManufactureName>לא ידוע</ManufactureName>
      <ManufactureCountry>לא ידוע</ManufactureCountry>
      <ManufactureItemDescription>דון חוליו רבע שרדונה</ManufactureItemDescription>
      <UnitQty>לא ידוע</UnitQty>
      <Quantity>187.00</Quantity>
      <UnitOfMeasure>100 מ"ל</UnitOfMeasure>
      <bIsWeighted>0</bIsWeighted>
      <QtyInPackage>לא ידוע</QtyInPackage>
      <ItemPrice>8.90</ItemPrice>
      <UnitOfMeasurePrice>0.05</UnitOfMeasurePrice>
      <AllowDiscount>1</AllowDiscount>
      <ItemStatus/>
    </Item>
    <Item>
      <PriceUpdateTime>2025-04-20T08:54:18.000</PriceUpdateTime>
      <ItemCode>7350041950103</ItemCode>
      <LastSaleDateTime>2026-01-16T10:34:50.000</LastSaleDateTime>
      <ItemType>1</ItemType>
      <ItemName>ליקר שרי הירינג 700</ItemName>
      <ManufactureName>לא ידוע</ManufactureName>
      <ManufactureCountry>לא ידוע</ManufactureCountry>
      <ManufactureItemDescription>ליקר שרי הירינג 700</ManufactureItemDescription>
      <UnitQty>מטרים</UnitQty>
      <Quantity>700.00</Quantity>
      <UnitOfMeasure>100 מ'ל</UnitOfMeasure>
      <bIsWeighted>0</bIsWeighted>
      <QtyInPackage>לא ידוע</QtyInPackage>
      <ItemPrice>116.10</ItemPrice>
      <UnitOfMeasurePrice>0.17</UnitOfMeasurePrice>
      <AllowDiscount>1</AllowDiscount>
      <ItemStatus/>
    </Item>
    <Item>
      <PriceUpdateTime>2025-04-20T08:54:18.000</PriceUpdateTime>
      <ItemCode>8006890690293</ItemCode>
      <LastSaleDateTime>2015-01-01T00:00:00.000</LastSaleDateTime>
      <ItemType>1</ItemType>
      <ItemName>בירה מורטי 330 מ"ל</ItemName>
      <ManufactureName>לא ידוע</ManufactureName>
      <ManufactureCountry>לא ידוע</ManufactureCountry>
      <ManufactureItemDescription>בירה מורטי 330 מ"ל</ManufactureItemDescription>
      <UnitQty>לא ידוע</UnitQty>
      <Quantity>330.00</Quantity>
      <UnitOfMeasure>100 מ"ל</UnitOfMeasure>
      <bIsWeighted>0</bIsWeighted>
      <QtyInPackage>לא ידוע</QtyInPackage>
      <ItemPrice>9.00</ItemPrice>
      <UnitOfMeasurePrice>0.03</UnitOfMeasurePrice>
      <AllowDiscount>1</AllowDiscount>
      <ItemStatus>2</ItemStatus>
    </Item>
    <Item>
      <PriceUpdateTime>2025-04-20T08:54:18.000</PriceUpdateTime>
      <ItemCode>8006890690293</ItemCode>
      <LastSaleDateTime>2015-01-01T00:00:00.000</LastSaleDateTime>
      <ItemType>1</ItemType>
      <ItemName>בירה מורטי 330 מ"ל</ItemName>
      <ManufactureName>לא ידוע</ManufactureName>
      <ManufactureCountry>לא ידוע</ManufactureCountry>
      <ManufactureItemDescription>בירה מורטי 330 מ"ל</ManufactureItemDescription>
      <UnitQty>לא ידוע</UnitQty>
      <Quantity>330.00</Quantity>
      <UnitOfMeasure>100 מ"ל</UnitOfMeasure>
      <bIsWeighted>0</bIsWeighted>
      <QtyInPackage>לא ידוע</QtyInPackage>
      <ItemPrice>9.00</ItemPrice>
      <UnitOfMeasurePrice>0.03</UnitOfMeasurePrice>
      <AllowDiscount>1</AllowDiscount>
      <ItemStatus/>
    </Item>
    <Item>
      <PriceUpdateTime>2025-04-20T08:54:18.000</PriceUpdateTime>
      <ItemCode>7290119776542</ItemCode>
      <LastSaleDateTime>2015-01-01T00:00:00.000</LastSaleDateTime>
      <ItemType>1</ItemType>
      <ItemName>שוופס קוקטייל רום אב</ItemName>
      <ManufactureName>לא ידוע</ManufactureName>
      <ManufactureCountry>לא ידוע</ManufactureCountry>
      <ManufactureItemDescription>שוופס קוקטייל רום אב</ManufactureItemDescription>
      <UnitQty>לא ידוע</UnitQty>
      <Quantity>280.00</Quantity>
      <UnitOfMeasure>100 מ"ל</UnitOfMeasure>
      <bIsWeighted>0</bIsWeighted>
      <QtyInPackage>לא ידוע</QtyInPackage>
      <ItemPrice>12.50</ItemPrice>
      <UnitOfMeasurePrice>0.04</UnitOfMeasurePrice>
      <AllowDiscount>1</AllowDiscount>
      <ItemStatus>2</ItemStatus>
    </Item>
    <Item>
      <PriceUpdateTime>2025-04-20T08:54:18.000</PriceUpdateTime>
      <ItemCode>7290119776542</ItemCode>
      <LastSaleDateTime>2015-01-01T00:00:00.000</LastSaleDateTime>
      <ItemType>1</ItemType>
      <ItemName>שוופס קוקטייל רום אב</ItemName>
      <ManufactureName>לא ידוע</ManufactureName>
      <ManufactureCountry>לא ידוע</ManufactureCountry>
      <ManufactureItemDescription>שוופס קוקטייל רום אב</ManufactureItemDescription>
      <UnitQty>לא ידוע</UnitQty>
      <Quantity>280.00</Quantity>
      <UnitOfMeasure>100 מ"ל</UnitOfMeasure>
      <bIsWeighted>0</bIsWeighted>
      <QtyInPackage>לא ידוע</QtyInPackage>
      <ItemPrice>12.50</ItemPrice>
      <UnitOfMeasurePrice>0.04</UnitOfMeasurePrice>
      <AllowDiscount>1</AllowDiscount>
      <ItemStatus/>
    </Item>
    <Item>
      <PriceUpdateTime>2025-04-20T08:54:18.000</PriceUpdateTime>
      <ItemCode>7290119776597</ItemCode>
      <LastSaleDateTime>2015-01-01T00:00:00.000</LastSaleDateTime>
      <ItemType>1</ItemType>
      <ItemName>שוופס קוקטייל רום אנ</ItemName>
      <ManufactureName>לא ידוע</ManufactureName>
      <ManufactureCountry>לא ידוע</ManufactureCountry>
      <ManufactureItemDescription>שוופס קוקטייל רום אנ</ManufactureItemDescription>
      <UnitQty>לא ידוע</UnitQty>
      <Quantity>280.00</Quantity>
      <UnitOfMeasure>100 מ"ל</UnitOfMeasure>
      <bIsWeighted>0</bIsWeighted>
      <QtyInPackage>לא ידוע</QtyInPackage>
      <ItemPrice>12.50</ItemPrice>
      <UnitOfMeasurePrice>0.04</UnitOfMeasurePrice>
      <AllowDiscount>1</AllowDiscount>
      <ItemStatus>2</ItemStatus>
    </Item>
    <Item>
      <PriceUpdateTime>2025-04-20T08:54:18.000</PriceUpdateTime>
      <ItemCode>7290119776597</ItemCode>
      <LastSaleDateTime>2015-01-01T00:00:00.000</LastSaleDateTime>
      <ItemType>1</ItemType>
      <ItemName>שוופס קוקטייל רום אנ</ItemName>
      <ManufactureName>לא ידוע</ManufactureName>
      <ManufactureCountry>לא ידוע</ManufactureCountry>
      <ManufactureItemDescription>שוופס קוקטייל רום אנ</ManufactureItemDescription>
      <UnitQty>לא ידוע</UnitQty>
      <Quantity>280.00</Quantity>
      <UnitOfMeasure>100 מ"ל</UnitOfMeasure>
      <bIsWeighted>0</bIsWeighted>
      <QtyInPackage>לא ידוע</QtyInPackage>
      <ItemPrice>12.50</ItemPrice>
      <UnitOfMeasurePrice>0.04</UnitOfMeasurePrice>
      <AllowDiscount>1</AllowDiscount>
      <ItemStatus/>
    </Item>
    <Item>
      <PriceUpdateTime>2025-04-20T08:54:19.000</PriceUpdateTime>
      <ItemCode>8594404001418</ItemCode>
      <LastSaleDateTime>2015-01-01T00:00:00.000</LastSaleDateTime>
      <ItemType>1</ItemType>
      <ItemName>קוזל בירה כהה צכיה 5</ItemName>
      <ManufactureName>לא ידוע</ManufactureName>
      <ManufactureCountry>לא ידוע</ManufactureCountry>
      <ManufactureItemDescription>קוזל בירה כהה צכיה 5</ManufactureItemDescription>
      <UnitQty>לא ידוע</UnitQty>
      <Quantity>500.00</Quantity>
      <UnitOfMeasure>100 מ"ל</UnitOfMeasure>
      <bIsWeighted>0</bIsWeighted>
      <QtyInPackage>לא ידוע</QtyInPackage>
      <ItemPrice>8.60</ItemPrice>
      <UnitOfMeasurePrice>0.02</UnitOfMeasurePrice>
      <AllowDiscount>1</AllowDiscount>
      <ItemStatus>2</ItemStatus>
    </Item>
    <Item>
      <PriceUpdateTime>2025-04-20T08:54:19.000</PriceUpdateTime>
      <ItemCode>8594404001418</ItemCode>
      <LastSaleDateTime>2015-01-01T00:00:00.000</LastSaleDateTime>
      <ItemType>1</ItemType>
      <ItemName>קוזל בירה כהה צכיה 5</ItemName>
      <ManufactureName>לא ידוע</ManufactureName>
      <ManufactureCountry>לא ידוע</ManufactureCountry>
      <ManufactureItemDescription>קוזל בירה כהה צכיה 5</ManufactureItemDescription>
      <UnitQty>לא ידוע</UnitQty>
      <Quantity>500.00</Quantity>
      <UnitOfMeasure>100 מ"ל</UnitOfMeasure>
      <bIsWeighted>0</bIsWeighted>
      <QtyInPackage>לא ידוע</QtyInPackage>
      <ItemPrice>8.60</ItemPrice>
      <UnitOfMeasurePrice>0.02</UnitOfMeasurePrice>
      <AllowDiscount>1</AllowDiscount>
      <ItemStatus/>
    </Item>
    <Item>
      <PriceUpdateTime>2025-04-20T08:54:19.000</PriceUpdateTime>
      <ItemCode>9003400304939</ItemCode>
      <LastSaleDateTime>2015-01-01T00:00:00.000</LastSaleDateTime>
      <ItemType>1</ItemType>
      <ItemName>בירה שטיגל חיטה</ItemName>
      <ManufactureName>לא ידוע</ManufactureName>
      <ManufactureCountry>לא ידוע</ManufactureCountry>
      <ManufactureItemDescription>בירה שטיגל חיטה</ManufactureItemDescription>
      <UnitQty>לא ידוע</UnitQty>
      <Quantity>500.00</Quantity>
      <UnitOfMeasure>100 מ"ל</UnitOfMeasure>
      <bIsWeighted>0</bIsWeighted>
      <QtyInPackage>לא ידוע</QtyInPackage>
      <ItemPrice>11.10</ItemPrice>
      <UnitOfMeasurePrice>0.02</UnitOfMeasurePrice>
      <AllowDiscount>1</AllowDiscount>
      <ItemStatus>2</ItemStatus>
    </Item>
    <Item>
      <PriceUpdateTime>2025-04-20T08:54:19.000</PriceUpdateTime>
      <ItemCode>9003400304939</ItemCode>
      <LastSaleDateTime>2015-01-01T00:00:00.000</LastSaleDateTime>
      <ItemType>1</ItemType>
      <ItemName>בירה שטיגל חיטה</ItemName>
      <ManufactureName>לא ידוע</ManufactureName>
      <ManufactureCountry>לא ידוע</ManufactureCountry>
      <ManufactureItemDescription>בירה שטיגל חיטה</ManufactureItemDescription>
      <UnitQty>לא ידוע</UnitQty>
      <Quantity>500.00</Quantity>
      <UnitOfMeasure>100 מ"ל</UnitOfMeasure>
      <bIsWeighted>0</bIsWeighted>
      <QtyInPackage>לא ידוע</QtyInPackage>
      <ItemPrice>11.10</ItemPrice>
      <UnitOfMeasurePrice>0.02</UnitOfMeasurePrice>
      <AllowDiscount>1</AllowDiscount>
      <ItemStatus/>
    </Item>
    <Item>
      <PriceUpdateTime>2025-04-20T08:54:19.000</PriceUpdateTime>
      <ItemCode>9003402660088</ItemCode>
      <LastSaleDateTime>2015-01-01T00:00:00.000</LastSaleDateTime>
      <ItemType>1</ItemType>
      <ItemName>בירה שטיגל גולדברו</ItemName>
      <ManufactureName>לא ידוע</ManufactureName>
      <ManufactureCountry>לא ידוע</ManufactureCountry>
      <ManufactureItemDescription>בירה שטיגל גולדברו</ManufactureItemDescription>
      <UnitQty>לא ידוע</UnitQty>
      <Quantity>500.00</Quantity>
      <UnitOfMeasure>100 מ"ל</UnitOfMeasure>
      <bIsWeighted>0</bIsWeighted>
      <QtyInPackage>לא ידוע</QtyInPackage>
      <ItemPrice>8.60</ItemPrice>
      <UnitOfMeasurePrice>0.02</UnitOfMeasurePrice>
      <AllowDiscount>1</AllowDiscount>
      <ItemStatus>2</ItemStatus>
    </Item>
    <Item>
      <PriceUpdateTime>2025-04-20T08:54:19.000</PriceUpdateTime>
      <ItemCode>9003402660088</ItemCode>
      <LastSaleDateTime>2015-01-01T00:00:00.000</LastSaleDateTime>
      <ItemType>1</ItemType>
      <ItemName>בירה שטיגל גולדברו</ItemName>
      <ManufactureName>לא ידוע</ManufactureName>
      <ManufactureCountry>לא ידוע</ManufactureCountry>
      <ManufactureItemDescription>בירה שטיגל גולדברו</ManufactureItemDescription>
      <UnitQty>לא ידוע</UnitQty>
      <Quantity>500.00</Quantity>
      <UnitOfMeasure>100 מ"ל</UnitOfMeasure>
      <bIsWeighted>0</bIsWeighted>
      <QtyInPackage>לא ידוע</QtyInPackage>
      <ItemPrice>8.60</ItemPrice>
      <UnitOfMeasurePrice>0.02</UnitOfMeasurePrice>
      <AllowDiscount>1</AllowDiscount>
      <ItemStatus/>
    </Item>
    <Item>
      <PriceUpdateTime>2025-04-20T08:54:31.000</PriceUpdateTime>
      <ItemCode>3387390320244</ItemCode>
      <LastSaleDateTime>2026-01-22T14:58:00.000</LastSaleDateTime>
      <ItemType>1</ItemType>
      <ItemName>פיטנס דגני בוקר מחיט</ItemName>
      <ManufactureName>פיטנס</ManufactureName>
      <ManufactureCountry>לא ידוע</ManufactureCountry>
      <ManufactureItemDescription>פיטנס דגני בוקר מחיט</ManufactureItemDescription>
      <UnitQty>גרם</UnitQty>
      <Quantity>375.00</Quantity>
      <UnitOfMeasure>100 גרם</UnitOfMeasure>
      <bIsWeighted>0</bIsWeighted>
      <QtyInPackage>לא ידוע</QtyInPackage>
      <ItemPrice>20.90</ItemPrice>
      <UnitOfMeasurePrice>5.57</UnitOfMeasurePrice>
      <AllowDiscount>1</AllowDiscount>
      <ItemStatus/>
    </Item>
    <Item>
      <PriceUpdateTime>2025-04-20T08:54:31.000</PriceUpdateTime>
      <ItemCode>884912359155</ItemCode>
      <LastSaleDateTime>2026-01-28T16:33:27.000</LastSaleDateTime>
      <ItemType>1</ItemType>
      <ItemName>האני באנצ' דגני בוקר</ItemName>
      <ManufactureName>לא ידוע</ManufactureName>
      <ManufactureCountry>לא ידוע</ManufactureCountry>
      <ManufactureItemDescription>האני באנצ' דגני בוקר</ManufactureItemDescription>
      <UnitQty>גרם</UnitQty>
      <Quantity>340.00</Quantity>
      <UnitOfMeasure>100 גרם</UnitOfMeasure>
      <bIsWeighted>0</bIsWeighted>
      <QtyInPackage>לא ידוע</QtyInPackage>
      <ItemPrice>23.00</ItemPrice>
      <UnitOfMeasurePrice>6.76</UnitOfMeasurePrice>
      <AllowDiscount>1</AllowDiscount>
      <ItemStatus/>
    </Item>
    <Item>
      <PriceUpdateTime>2025-04-20T08:54:31.000</PriceUpdateTime>
      <ItemCode>884912462916</ItemCode>
      <LastSaleDateTime>2026-01-28T19:22:13.000</LastSaleDateTime>
      <ItemType>1</ItemType>
      <ItemName>האני באנצ' שוקולד פו</ItemName>
      <ManufactureName>לא ידוע</ManufactureName>
      <ManufactureCountry>לא ידוע</ManufactureCountry>
      <ManufactureItemDescription>האני באנצ' שוקולד פו</ManufactureItemDescription>
      <UnitQty>גרם</UnitQty>
      <Quantity>340.00</Quantity>
      <UnitOfMeasure>100 גרם</UnitOfMeasure>
      <bIsWeighted>0</bIsWeighted>
      <QtyInPackage>לא ידוע</QtyInPackage>
      <ItemPrice>23.00</ItemPrice>
      <UnitOfMeasurePrice>6.76</UnitOfMeasurePrice>
      <AllowDiscount>1</AllowDiscount>
      <ItemStatus/>
    </Item>
    <Item>
      <PriceUpdateTime>2025-04-20T08:54:32.000</PriceUpdateTime>
      <ItemCode>4011800630515</ItemCode>
      <LastSaleDateTime>2026-01-22T21:23:35.000</LastSaleDateTime>
      <ItemType>1</ItemType>
      <ItemName>קורני בייס עם שוקולד</ItemName>
      <ManufactureName>Schwartauer</ManufactureName>
      <ManufactureCountry>גרמניה</ManufactureCountry>
      <ManufactureItemDescription>קורני עם שוקולד חלב ובננה</ManufactureItemDescription>
      <UnitQty>גרם</UnitQty>
      <Quantity>150.00</Quantity>
      <UnitOfMeasure>100 גרם</UnitOfMeasure>
      <bIsWeighted>0</bIsWeighted>
      <QtyInPackage>לא ידוע</QtyInPackage>
      <ItemPrice>14.90</ItemPrice>
      <UnitOfMeasurePrice>9.93</UnitOfMeasurePrice>
      <AllowDiscount>1</AllowDiscount>
      <ItemStatus/>
    </Item>
    <Item>
      <PriceUpdateTime>2025-04-20T08:54:33.000</PriceUpdateTime>
      <ItemCode>5900020034991</ItemCode>
      <LastSaleDateTime>2026-01-28T18:22:24.000</LastSaleDateTime>
      <ItemType>1</ItemType>
      <ItemName>קראנץ צדפים טעם שוקו</ItemName>
      <ManufactureName>לא ידוע</ManufactureName>
      <ManufactureCountry>לא ידוע</ManufactureCountry>
      <ManufactureItemDescription>קראנץ צדפים טעם שוקו</ManufactureItemDescription>
      <UnitQty>גרם</UnitQty>
      <Quantity>450.00</Quantity>
      <UnitOfMeasure>100 גרם</UnitOfMeasure>
      <bIsWeighted>0</bIsWeighted>
      <QtyInPackage>לא ידוע</QtyInPackage>
      <ItemPrice>19.90</ItemPrice>
      <UnitOfMeasurePrice>4.42</UnitOfMeasurePrice>
      <AllowDiscount>1</AllowDiscount>
      <ItemStatus/>
    </Item>
    <Item>
      <PriceUpdateTime>2025-04-20T08:54:33.000</PriceUpdateTime>
      <ItemCode>7290000060217</ItemCode>
      <LastSaleDateTime>2026-01-22T18:09:14.000</LastSaleDateTime>
      <ItemType>1</ItemType>
      <ItemName>פסטה מקרוני מספר 7 א</ItemName>
      <ManufactureName>אסם</ManufactureName>
      <ManufactureCountry>לא ידוע</ManufactureCountry>
      <ManufactureItemDescription>פסטה מקרוני מספר 7 א</ManufactureItemDescription>
      <UnitQty>גרם</UnitQty>
      <Quantity>500.00</Quantity>
      <UnitOfMeasure>100 גרם</UnitOfMeasure>
      <bIsWeighted>0</bIsWeighted>
      <QtyInPackage>לא ידוע</QtyInPackage>
      <ItemPrice>4.90</ItemPrice>
      <UnitOfMeasurePrice>0.98</UnitOfMeasurePrice>
      <AllowDiscount>1</AllowDiscount>
      <ItemStatus/>
    </Item>
    <Item>
      <PriceUpdateTime>2025-04-20T08:54:33.000</PriceUpdateTime>
      <ItemCode>6934731200078</ItemCode>
      <LastSaleDateTime>2026-01-22T17:50:51.000</LastSaleDateTime>
      <ItemType>1</ItemType>
      <ItemName>אטריות טריות דקות 20</ItemName>
      <ManufactureName>לא ידוע</ManufactureName>
      <ManufactureCountry>לא ידוע</ManufactureCountry>
      <ManufactureItemDescription>אטריות טריות דקות 20</ManufactureItemDescription>
      <UnitQty>גרם</UnitQty>
      <Quantity>200.00</Quantity>
      <UnitOfMeasure>100 גרם</UnitOfMeasure>
      <bIsWeighted>0</bIsWeighted>
      <QtyInPackage>לא ידוע</QtyInPackage>
      <ItemPrice>6.80</ItemPrice>
      <UnitOfMeasurePrice>3.40</UnitOfMeasurePrice>
      <AllowDiscount>1</AllowDiscount>
      <ItemStatus/>
    </Item>
    <Item>
      <PriceUpdateTime>2025-04-20T08:54:36.000</PriceUpdateTime>
      <ItemCode>7290011131395</ItemCode>
      <LastSaleDateTime>2026-01-29T21:11:15.000</LastSaleDateTime>
      <ItemType>1</ItemType>
      <ItemName>מוזלי פלוס 30% פירות</ItemName>
      <ManufactureName>גרין</ManufactureName>
      <ManufactureCountry>לא ידוע</ManufactureCountry>
      <ManufactureItemDescription>מוזלי פלוס 30% פירות</ManufactureItemDescription>
      <UnitQty>לא ידוע</UnitQty>
      <Quantity>1.00</Quantity>
      <UnitOfMeasure>יח'</UnitOfMeasure>
      <bIsWeighted>0</bIsWeighted>
      <QtyInPackage>לא ידוע</QtyInPackage>
      <ItemPrice>28.90</ItemPrice>
      <UnitOfMeasurePrice>28.90</UnitOfMeasurePrice>
      <AllowDiscount>1</AllowDiscount>
      <ItemStatus/>
    </Item>
    <Item>
      <PriceUpdateTime>2025-04-20T08:54:36.000</PriceUpdateTime>
      <ItemCode>7290006439512</ItemCode>
      <LastSaleDateTime>2026-01-29T12:59:50.000</LastSaleDateTime>
      <ItemType>1</ItemType>
      <ItemName>פול גדול 750גרם (בד'</ItemName>
      <ManufactureName>לא ידוע</ManufactureName>
      <ManufactureCountry>לא ידוע</ManufactureCountry>
      <ManufactureItemDescription>פול גדול 750גרם (בד'</ManufactureItemDescription>
      <UnitQty>גרם</UnitQty>
      <Quantity>750.00</Quantity>
      <UnitOfMeasure>100 גרם</UnitOfMeasure>
      <bIsWeighted>0</bIsWeighted>
      <QtyInPackage>לא ידוע</QtyInPackage>
      <ItemPrice>12.90</ItemPrice>
      <UnitOfMeasurePrice>1.72</UnitOfMeasurePrice>
      <AllowDiscount>1</AllowDiscount>
      <ItemStatus/>
    </Item>
    <Item>
      <PriceUpdateTime>2025-04-20T08:54:38.000</PriceUpdateTime>
      <ItemCode>7290015834254</ItemCode>
      <LastSaleDateTime>2026-01-28T17:17:47.000</LastSaleDateTime>
      <ItemType>1</ItemType>
      <ItemName>קוסקוס עבה רמי לוי 3</ItemName>
      <ManufactureName>רמי לוי</ManufactureName>
      <ManufactureCountry>ישראל</ManufactureCountry>
      <ManufactureItemDescription>קוסקוס עבה רמי לוי 3</ManufactureItemDescription>
      <UnitQty>גרם</UnitQty>
      <Quantity>350.00</Quantity>
      <UnitOfMeasure>100 גרם</UnitOfMeasure>
      <bIsWeighted>0</bIsWeighted>
      <QtyInPackage>לא ידוע</QtyInPackage>
      <ItemPrice>5.00</ItemPrice>
      <UnitOfMeasurePrice>1.43</UnitOfMeasurePrice>
      <AllowDiscount>1</AllowDiscount>
      <ItemStatus/>
    </Item>
    <Item>
      <PriceUpdateTime>2025-04-20T08:54:39.000</PriceUpdateTime>
      <ItemCode>7290015835510</ItemCode>
      <LastSaleDateTime>2026-01-22T18:10:06.000</LastSaleDateTime>
      <ItemType>1</ItemType>
      <ItemName>קנלוני רמי לוי 250 ג</ItemName>
      <ManufactureName>פסטיפיציו</ManufactureName>
      <ManufactureCountry>איטליה</ManufactureCountry>
      <ManufactureItemDescription>קנלוני רמי לוי 250 ג</ManufactureItemDescription>
      <UnitQty>גרם</UnitQty>
      <Quantity>250.00</Quantity>
      <UnitOfMeasure>100 גרם</UnitOfMeasure>
      <bIsWeighted>0</bIsWeighted>
      <QtyInPackage>לא ידוע</QtyInPackage>
      <ItemPrice>9.00</ItemPrice>
      <UnitOfMeasurePrice>3.60</UnitOfMeasurePrice>
      <AllowDiscount>1</AllowDiscount>
      <ItemStatus/>
    </Item>
    <Item>
      <PriceUpdateTime>2025-04-20T08:54:40.000</PriceUpdateTime>
      <ItemCode>7290016865882</ItemCode>
      <LastSaleDateTime>2026-01-28T11:03:52.000</LastSaleDateTime>
      <ItemType>1</ItemType>
      <ItemName>גרישה 500ג רמי לוי</ItemName>
      <ManufactureName>לא ידוע</ManufactureName>
      <ManufactureCountry>לא ידוע</ManufactureCountry>
      <ManufactureItemDescription>גרישה 500ג רמי לוי</ManufactureItemDescription>
      <UnitQty>גרם</UnitQty>
      <Quantity>500.00</Quantity>
      <UnitOfMeasure>100 גרם</UnitOfMeasure>
      <bIsWeighted>0</bIsWeighted>
      <QtyInPackage>לא ידוע</QtyInPackage>
      <ItemPrice>4.00</ItemPrice>
      <UnitOfMeasurePrice>0.80</UnitOfMeasurePrice>
      <AllowDiscount>1</AllowDiscount>
      <ItemStatus/>
    </Item>
    <Item>
      <PriceUpdateTime>2025-04-20T08:54:42.000</PriceUpdateTime>
      <ItemCode>7290019545545</ItemCode>
      <LastSaleDateTime>2026-01-22T13:39:34.000</LastSaleDateTime>
      <ItemType>1</ItemType>
      <ItemName>מאגדת רפאלס פקאן 5יח</ItemName>
      <ManufactureName>לא ידוע</ManufactureName>
      <ManufactureCountry>לא ידוע</ManufactureCountry>
      <ManufactureItemDescription>מאגדת רפאלס פקאן 5יח</ManufactureItemDescription>
      <UnitQty>גרם</UnitQty>
      <Quantity>150.00</Quantity>
      <UnitOfMeasure>100 גרם</UnitOfMeasure>
      <bIsWeighted>0</bIsWeighted>
      <QtyInPackage>לא ידוע</QtyInPackage>
      <ItemPrice>15.10</ItemPrice>
      <UnitOfMeasurePrice>10.07</UnitOfMeasurePrice>
      <AllowDiscount>1</AllowDiscount>
      <ItemStatus/>
    </Item>
    <Item>
      <PriceUpdateTime>2025-04-20T08:54:46.000</PriceUpdateTime>
      <ItemCode>7290117769683</ItemCode>
      <LastSaleDateTime>2026-01-29T20:31:33.000</LastSaleDateTime>
      <ItemType>1</ItemType>
      <ItemName>פסטה פנה 500גר רמי ל</ItemName>
      <ManufactureName>לא ידוע</ManufactureName>
      <ManufactureCountry>לא ידוע</ManufactureCountry>
      <ManufactureItemDescription>פסטה פנה 500גר רמי ל</ManufactureItemDescription>
      <UnitQty>גרם</UnitQty>
      <Quantity>500.00</Quantity>
      <UnitOfMeasure>100 גרם</UnitOfMeasure>
      <bIsWeighted>0</bIsWeighted>
      <QtyInPackage>לא ידוע</QtyInPackage>
      <ItemPrice>4.00</ItemPrice>
      <UnitOfMeasurePrice>0.80</UnitOfMeasurePrice>
      <AllowDiscount>1</AllowDiscount>
      <ItemStatus/>
    </Item>
    <Item>
      <PriceUpdateTime>2025-04-20T08:54:47.000</PriceUpdateTime>
      <ItemCode>8008857500003</ItemCode>
      <LastSaleDateTime>2026-01-29T16:55:22.000</LastSaleDateTime>
      <ItemType>1</ItemType>
      <ItemName>אטריות עגולות דקות</ItemName>
      <ManufactureName>לא ידוע</ManufactureName>
      <ManufactureCountry>לא ידוע</ManufactureCountry>
      <ManufactureItemDescription>אטריות עגולות דקות</ManufactureItemDescription>
      <UnitQty>לא ידוע</UnitQty>
      <Quantity>1.00</Quantity>
      <UnitOfMeasure>יח'</UnitOfMeasure>
      <bIsWeighted>0</bIsWeighted>
      <QtyInPackage>לא ידוע</QtyInPackage>
      <ItemPrice>7.80</ItemPrice>
      <UnitOfMeasurePrice>7.80</UnitOfMeasurePrice>
      <AllowDiscount>1</AllowDiscount>
      <ItemStatus/>
    </Item>
    <Item>
      <PriceUpdateTime>2025-04-20T08:54:47.000</PriceUpdateTime>
      <ItemCode>7613035622623</ItemCode>
      <LastSaleDateTime>2026-01-29T17:41:15.000</LastSaleDateTime>
      <ItemType>1</ItemType>
      <ItemName>פיטנס גרנולה שקדים ו</ItemName>
      <ManufactureName>נסטלה</ManufactureName>
      <ManufactureCountry>צרפת</ManufactureCountry>
      <ManufactureItemDescription>פיטנס גרנולה שקדים ו</ManufactureItemDescription>
      <UnitQty>גרם</UnitQty>
      <Quantity>300.00</Quantity>
      <UnitOfMeasure>100 גרם</UnitOfMeasure>
      <bIsWeighted>0</bIsWeighted>
      <QtyInPackage>לא ידוע</QtyInPackage>
      <ItemPrice>13.90</ItemPrice>
      <UnitOfMeasurePrice>4.63</UnitOfMeasurePrice>
      <AllowDiscount>1</AllowDiscount>
      <ItemStatus/>
    </Item>
    <Item>
      <PriceUpdateTime>2025-04-20T08:54:47.000</PriceUpdateTime>
      <ItemCode>7613035758834</ItemCode>
      <LastSaleDateTime>2026-01-29T17:56:04.000</LastSaleDateTime>
      <ItemType>1</ItemType>
      <ItemName>פיטנס גרנולה חמוציות</ItemName>
      <ManufactureName>אסם</ManufactureName>
      <ManufactureCountry>ישראל</ManufactureCountry>
      <ManufactureItemDescription>פיטנס גרנולה חמוציות</ManufactureItemDescription>
      <UnitQty>גרם</UnitQty>
      <Quantity>300.00</Quantity>
      <UnitOfMeasure>100 גרם</UnitOfMeasure>
      <bIsWeighted>0</bIsWeighted>
      <QtyInPackage>לא ידוע</QtyInPackage>
      <ItemPrice>13.90</ItemPrice>
      <UnitOfMeasurePrice>4.63</UnitOfMeasurePrice>
      <AllowDiscount>1</AllowDiscount>
      <ItemStatus/>
    </Item>
    <Item>
      <PriceUpdateTime>2025-04-20T08:54:47.000</PriceUpdateTime>
      <ItemCode>8008912010317</ItemCode>
      <LastSaleDateTime>2026-01-28T19:24:12.000</LastSaleDateTime>
      <ItemType>1</ItemType>
      <ItemName>ליגורי-פוזילי מספר 3</ItemName>
      <ManufactureName>לא ידוע</ManufactureName>
      <ManufactureCountry>לא ידוע</ManufactureCountry>
      <ManufactureItemDescription>ליגורי-פוזילי מספר 3</ManufactureItemDescription>
      <UnitQty>גרם</UnitQty>
      <Quantity>500.00</Quantity>
      <UnitOfMeasure>100 גרם</UnitOfMeasure>
      <bIsWeighted>0</bIsWeighted>
      <QtyInPackage>לא ידוע</QtyInPackage>
      <ItemPrice>8.90</ItemPrice>
      <UnitOfMeasurePrice>1.78</UnitOfMeasurePrice>
      <AllowDiscount>1</AllowDiscount>
      <ItemStatus/>
    </Item>
    <Item>
      <PriceUpdateTime>2025-04-20T08:54:47.000</PriceUpdateTime>
      <ItemCode>8008857400655</ItemCode>
      <LastSaleDateTime>2026-01-29T09:41:47.000</LastSaleDateTime>
      <ItemType>1</ItemType>
      <ItemName>רג'יה פסטה בורג שלוש</ItemName>
      <ManufactureName>לא ידוע</ManufactureName>
      <ManufactureCountry>לא ידוע</ManufactureCountry>
      <ManufactureItemDescription>רג'יה פסטה בורג שלוש</ManufactureItemDescription>
      <UnitQty>גרם</UnitQty>
      <Quantity>500.00</Quantity>
      <UnitOfMeasure>100 גרם</UnitOfMeasure>
      <bIsWeighted>0</bIsWeighted>
      <QtyInPackage>לא ידוע</QtyInPackage>
      <ItemPrice>8.00</ItemPrice>
      <UnitOfMeasurePrice>1.60</UnitOfMeasurePrice>
      <AllowDiscount>1</AllowDiscount>
      <ItemStatus/>
    </Item>
    <Item>
      <PriceUpdateTime>2025-04-20T08:57:51.000</PriceUpdateTime>
      <ItemCode>21723339994</ItemCode>
      <LastSaleDateTime>2026-01-22T18:59:20.000</LastSaleDateTime>
      <ItemType>1</ItemType>
      <ItemName>רוטב דגים 300מ"ל (טי</ItemName>
      <ManufactureName>מזרח ומערב</ManufactureName>
      <ManufactureCountry>לא ידוע</ManufactureCountry>
      <ManufactureItemDescription>רוטב דגים 300מ"ל (טי</ManufactureItemDescription>
      <UnitQty>לא ידוע</UnitQty>
      <Quantity>300.00</Quantity>
      <UnitOfMeasure>100 מ"ל</UnitOfMeasure>
      <bIsWeighted>0</bIsWeighted>
      <QtyInPackage>לא ידוע</QtyInPackage>
      <ItemPrice>9.50</ItemPrice>
      <UnitOfMeasurePrice>0.03</UnitOfMeasurePrice>
      <AllowDiscount>1</AllowDiscount>
      <ItemStatus/>
    </Item>
    <Item>
      <PriceUpdateTime>2025-04-20T08:57:53.000</PriceUpdateTime>
      <ItemCode>4710964104916</ItemCode>
      <LastSaleDateTime>2026-01-22T20:06:38.000</LastSaleDateTime>
      <ItemType>1</ItemType>
      <ItemName>שמן שומשום טהור 370</ItemName>
      <ManufactureName>מזרח ומערב</ManufactureName>
      <ManufactureCountry>לא ידוע</ManufactureCountry>
      <ManufactureItemDescription>שמן שומשום טהור 370</ManufactureItemDescription>
      <UnitQty>לא ידוע</UnitQty>
      <Quantity>370.00</Quantity>
      <UnitOfMeasure>100 מ"ל</UnitOfMeasure>
      <bIsWeighted>0</bIsWeighted>
      <QtyInPackage>לא ידוע</QtyInPackage>
      <ItemPrice>19.80</ItemPrice>
      <UnitOfMeasurePrice>0.05</UnitOfMeasurePrice>
      <AllowDiscount>1</AllowDiscount>
      <ItemStatus/>
    </Item>
    <Item>
      <PriceUpdateTime>2025-04-20T08:57:53.000</PriceUpdateTime>
      <ItemCode>4710964170799</ItemCode>
      <LastSaleDateTime>2026-01-22T16:47:00.000</LastSaleDateTime>
      <ItemType>1</ItemType>
      <ItemName>שומשום שחור קלוי 91</ItemName>
      <ManufactureName>מזרח ומערב</ManufactureName>
      <ManufactureCountry>לא ידוע</ManufactureCountry>
      <ManufactureItemDescription>שומשום שחור קלוי 91</ManufactureItemDescription>
      <UnitQty>גרם</UnitQty>
      <Quantity>91.00</Quantity>
      <UnitOfMeasure>100 גרם</UnitOfMeasure>
      <bIsWeighted>0</bIsWeighted>
      <QtyInPackage>לא ידוע</QtyInPackage>
      <ItemPrice>16.40</ItemPrice>
      <UnitOfMeasurePrice>18.02</UnitOfMeasurePrice>
      <AllowDiscount>1</AllowDiscount>
      <ItemStatus/>
    </Item>
    <Item>
      <PriceUpdateTime>2025-04-20T08:57:54.000</PriceUpdateTime>
      <ItemCode>5202175001546</ItemCode>
      <LastSaleDateTime>2026-01-28T19:43:21.000</LastSaleDateTime>
      <ItemType>1</ItemType>
      <ItemName>נאצוס בטעם ברביקיו 2</ItemName>
      <ManufactureName>לא ידוע</ManufactureName>
      <ManufactureCountry>לא ידוע</ManufactureCountry>
      <ManufactureItemDescription>נאצוס בטעם ברביקיו 2</ManufactureItemDescription>
      <UnitQty>גרם</UnitQty>
      <Quantity>100.00</Quantity>
      <UnitOfMeasure>100 גרם</UnitOfMeasure>
      <bIsWeighted>0</bIsWeighted>
      <QtyInPackage>לא ידוע</QtyInPackage>
      <ItemPrice>9.80</ItemPrice>
      <UnitOfMeasurePrice>9.80</UnitOfMeasurePrice>
      <AllowDiscount>1</AllowDiscount>
      <ItemStatus/>
    </Item>
    <Item>
      <PriceUpdateTime>2025-04-20T08:57:54.000</PriceUpdateTime>
      <ItemCode>6974640730167</ItemCode>
      <LastSaleDateTime>2026-01-28T20:40:04.000</LastSaleDateTime>
      <ItemType>1</ItemType>
      <ItemName>פטריות שיטאקה 100 גר</ItemName>
      <ManufactureName>לא ידוע</ManufactureName>
      <ManufactureCountry>לא ידוע</ManufactureCountry>
      <ManufactureItemDescription>פטריות שיטאקה 100 גר</ManufactureItemDescription>
      <UnitQty>גרם</UnitQty>
      <Quantity>100.00</Quantity>
      <UnitOfMeasure>100 גרם</UnitOfMeasure>
      <bIsWeighted>0</bIsWeighted>
      <QtyInPackage>לא ידוע</QtyInPackage>
      <ItemPrice>12.80</ItemPrice>
      <UnitOfMeasurePrice>12.80</UnitOfMeasurePrice>
      <AllowDiscount>1</AllowDiscount>
      <ItemStatus/>
    </Item>
    <Item>
      <PriceUpdateTime>2025-04-20T08:57:55.000</PriceUpdateTime>
      <ItemCode>7290000073767</ItemCode>
      <LastSaleDateTime>2026-01-22T13:32:59.000</LastSaleDateTime>
      <ItemType>1</ItemType>
      <ItemName>מנה חמה נודלס בטעם ב</ItemName>
      <ManufactureName>אסם</ManufactureName>
      <ManufactureCountry>לא ידוע</ManufactureCountry>
      <ManufactureItemDescription>מנה חמה נודלס בטעם ב</ManufactureItemDescription>
      <UnitQty>גרם</UnitQty>
      <Quantity>70.00</Quantity>
      <UnitOfMeasure>100 גרם</UnitOfMeasure>
      <bIsWeighted>0</bIsWeighted>
      <QtyInPackage>לא ידוע</QtyInPackage>
      <ItemPrice>4.90</ItemPrice>
      <UnitOfMeasurePrice>7.00</UnitOfMeasurePrice>
      <AllowDiscount>1</AllowDiscount>
      <ItemStatus/>
    </Item>
    <Item>
      <PriceUpdateTime>2025-04-20T08:57:55.000</PriceUpdateTime>
      <ItemCode>7290000111384</ItemCode>
      <LastSaleDateTime>2026-01-22T16:34:38.000</LastSaleDateTime>
      <ItemType>1</ItemType>
      <ItemName>חרדל תלמה 550 גרם</ItemName>
      <ManufactureName>תלמה</ManufactureName>
      <ManufactureCountry>לא ידוע</ManufactureCountry>
      <ManufactureItemDescription>חרדל תלמה 550 גרם</ManufactureItemDescription>
      <UnitQty>גרם</UnitQty>
      <Quantity>550.00</Quantity>
      <UnitOfMeasure>100 גרם</UnitOfMeasure>
      <bIsWeighted>0</bIsWeighted>
      <QtyInPackage>לא ידוע</QtyInPackage>
      <ItemPrice>8.90</ItemPrice>
      <UnitOfMeasurePrice>1.62</UnitOfMeasurePrice>
      <AllowDiscount>1</AllowDiscount>
      <ItemStatus/>
    </Item>
    <Item>
      <PriceUpdateTime>2025-04-20T08:57:56.000</PriceUpdateTime>
      <ItemCode>7290002043713</ItemCode>
      <LastSaleDateTime>2026-01-22T20:11:56.000</LastSaleDateTime>
      <ItemType>1</ItemType>
      <ItemName>קמח לבן 1 קג</ItemName>
      <ManufactureName>לא ידוע</ManufactureName>
      <ManufactureCountry>לא ידוע</ManufactureCountry>
      <ManufactureItemDescription>קמח לבן 1 קג</ManufactureItemDescription>
      <UnitQty>לא ידוע</UnitQty>
      <Quantity>1.00</Quantity>
      <UnitOfMeasure>יח'</UnitOfMeasure>
      <bIsWeighted>0</bIsWeighted>
      <QtyInPackage>לא ידוע</QtyInPackage>
      <ItemPrice>8.00</ItemPrice>
      <UnitOfMeasurePrice>8.00</UnitOfMeasurePrice>
      <AllowDiscount>1</AllowDiscount>
      <ItemStatus/>
    </Item>
    <Item>
      <PriceUpdateTime>2025-04-20T08:57:56.000</PriceUpdateTime>
      <ItemCode>7290000453019</ItemCode>
      <LastSaleDateTime>2026-01-22T18:23:55.000</LastSaleDateTime>
      <ItemType>1</ItemType>
      <ItemName>שמרים טריים שמרית 50</ItemName>
      <ManufactureName>שמרית</ManufactureName>
      <ManufactureCountry>לא ידוע</ManufactureCountry>
      <ManufactureItemDescription>שמרים טריים שמרית 50</ManufactureItemDescription>
      <UnitQty>גרם</UnitQty>
      <Quantity>50.00</Quantity>
      <UnitOfMeasure>100 גרם</UnitOfMeasure>
      <bIsWeighted>0</bIsWeighted>
      <QtyInPackage>לא ידוע</QtyInPackage>
      <ItemPrice>3.90</ItemPrice>
      <UnitOfMeasurePrice>7.80</UnitOfMeasurePrice>
      <AllowDiscount>1</AllowDiscount>
      <ItemStatus/>
    </Item>
    <Item>
      <PriceUpdateTime>2025-04-20T08:57:57.000</PriceUpdateTime>
      <ItemCode>7290002881278</ItemCode>
      <LastSaleDateTime>2026-01-29T13:17:46.000</LastSaleDateTime>
      <ItemType>1</ItemType>
      <ItemName>ליפתן חצאי אפרסקים ת</ItemName>
      <ManufactureName>תומר</ManufactureName>
      <ManufactureCountry>לא ידוע</ManufactureCountry>
      <ManufactureItemDescription>ליפתן חצאי אפרסקים ת</ManufactureItemDescription>
      <UnitQty>גרם</UnitQty>
      <Quantity>470.00</Quantity>
      <UnitOfMeasure>100 גרם</UnitOfMeasure>
      <bIsWeighted>0</bIsWeighted>
      <QtyInPackage>לא ידוע</QtyInPackage>
      <ItemPrice>9.90</ItemPrice>
      <UnitOfMeasurePrice>2.11</UnitOfMeasurePrice>
      <AllowDiscount>1</AllowDiscount>
      <ItemStatus/>
    </Item>
    <Item>
      <PriceUpdateTime>2025-04-20T08:57:57.000</PriceUpdateTime>
      <ItemCode>7290002715528</ItemCode>
      <LastSaleDateTime>2026-01-29T20:42:18.000</LastSaleDateTime>
      <ItemType>1</ItemType>
      <ItemName>ארוחת נודלס בטעם ירק</ItemName>
      <ManufactureName>נטו</ManufactureName>
      <ManufactureCountry>לא ידוע</ManufactureCountry>
      <ManufactureItemDescription>ארוחת נודלס בטעם ירק</ManufactureItemDescription>
      <UnitQty>גרם</UnitQty>
      <Quantity>70.00</Quantity>
      <UnitOfMeasure>100 גרם</UnitOfMeasure>
      <bIsWeighted>0</bIsWeighted>
      <QtyInPackage>לא ידוע</QtyInPackage>
      <ItemPrice>4.90</ItemPrice>
      <UnitOfMeasurePrice>7.00</UnitOfMeasurePrice>
      <AllowDiscount>1</AllowDiscount>
      <ItemStatus/>
    </Item>
    <Item>
      <PriceUpdateTime>2025-04-20T08:57:57.000</PriceUpdateTime>
      <ItemCode>7290002753995</ItemCode>
      <LastSaleDateTime>2026-01-28T14:54:41.000</LastSaleDateTime>
      <ItemType>1</ItemType>
      <ItemName>סוכריות עדשים לקישוט</ItemName>
      <ManufactureName>ליימן-שליסל</ManufactureName>
      <ManufactureCountry>לא ידוע</ManufactureCountry>
      <ManufactureItemDescription>סוכריות עדשים לקישוט</ManufactureItemDescription>
      <UnitQty>גרם</UnitQty>
      <Quantity>150.00</Quantity>
      <UnitOfMeasure>100 גרם</UnitOfMeasure>
      <bIsWeighted>0</bIsWeighted>
      <QtyInPackage>לא ידוע</QtyInPackage>
      <ItemPrice>18.70</ItemPrice>
      <UnitOfMeasurePrice>12.47</UnitOfMeasurePrice>
      <AllowDiscount>1</AllowDiscount>
      <ItemStatus/>
    </Item>
    <Item>
      <PriceUpdateTime>2025-04-20T08:57:58.000</PriceUpdateTime>
      <ItemCode>7290003060603</ItemCode>
      <LastSaleDateTime>2026-01-29T16:21:44.000</LastSaleDateTime>
      <ItemType>1</ItemType>
      <ItemName>קמח מיוחד ללחם וחלות</ItemName>
      <ManufactureName>לא ידוע</ManufactureName>
      <ManufactureCountry>לא ידוע</ManufactureCountry>
      <ManufactureItemDescription>קמח מיוחד ללחם וחלות</ManufactureItemDescription>
      <UnitQty>לא ידוע</UnitQty>
      <Quantity>1.00</Quantity>
      <UnitOfMeasure>יח'</UnitOfMeasure>
      <bIsWeighted>0</bIsWeighted>
      <QtyInPackage>לא ידוע</QtyInPackage>
      <ItemPrice>7.60</ItemPrice>
      <UnitOfMeasurePrice>7.60</UnitOfMeasurePrice>
      <AllowDiscount>1</AllowDiscount>
      <ItemStatus/>
    </Item>
    <Item>
      <PriceUpdateTime>2025-04-20T08:57:59.000</PriceUpdateTime>
      <ItemCode>7290010004737</ItemCode>
      <LastSaleDateTime>2026-01-29T12:53:35.000</LastSaleDateTime>
      <ItemType>1</ItemType>
      <ItemName>עלים לקרמשניט 300גר</ItemName>
      <ManufactureName>לא ידוע</ManufactureName>
      <ManufactureCountry>לא ידוע</ManufactureCountry>
      <ManufactureItemDescription>עלים לקרמשניט 300גר</ManufactureItemDescription>
      <UnitQty>גרם</UnitQty>
      <Quantity>300.00</Quantity>
      <UnitOfMeasure>100 גרם</UnitOfMeasure>
      <bIsWeighted>0</bIsWeighted>
      <QtyInPackage>לא ידוע</QtyInPackage>
      <ItemPrice>14.10</ItemPrice>
      <UnitOfMeasurePrice>4.70</UnitOfMeasurePrice>
      <AllowDiscount>1</AllowDiscount>
      <ItemStatus/>
    </Item>
    <Item>
      <PriceUpdateTime>2025-04-20T08:58:00.000</PriceUpdateTime>
      <ItemCode>7290011223045</ItemCode>
      <LastSaleDateTime>2026-01-22T21:14:22.000</LastSaleDateTime>
      <ItemType>1</ItemType>
      <ItemName>בישקוטים בונומי 200ג</ItemName>
      <ManufactureName>Bonomi</ManufactureName>
      <ManufactureCountry>איטליה</ManufactureCountry>
      <ManufactureItemDescription>בישקוטים בונומי 200גרם</ManufactureItemDescription>
      <UnitQty>גרם</UnitQty>
      <Quantity>200.00</Quantity>
      <UnitOfMeasure>100 גרם</UnitOfMeasure>
      <bIsWeighted>0</bIsWeighted>
      <QtyInPackage>לא ידוע</QtyInPackage>
      <ItemPrice>7.60</ItemPrice>
      <UnitOfMeasurePrice>3.80</UnitOfMeasurePrice>
      <AllowDiscount>1</AllowDiscount>
      <ItemStatus/>
    </Item>
    <Item>
      <PriceUpdateTime>2025-04-20T08:58:00.000</PriceUpdateTime>
      <ItemCode>7290011065126</ItemCode>
      <LastSaleDateTime>2026-01-22T11:37:26.000</LastSaleDateTime>
      <ItemType>1</ItemType>
      <ItemName>תמצית בטעם שקדים 50</ItemName>
      <ManufactureName>לא ידוע</ManufactureName>
      <ManufactureCountry>לא ידוע</ManufactureCountry>
      <ManufactureItemDescription>תמצית בטעם שקדים 50</ManufactureItemDescription>
      <UnitQty>לא ידוע</UnitQty>
      <Quantity>50.00</Quantity>
      <UnitOfMeasure>100 מ"ל</UnitOfMeasure>
      <bIsWeighted>0</bIsWeighted>
      <QtyInPackage>לא ידוע</QtyInPackage>
      <ItemPrice>3.70</ItemPrice>
      <UnitOfMeasurePrice>0.07</UnitOfMeasurePrice>
      <AllowDiscount>1</AllowDiscount>
      <ItemStatus/>
    </Item>
    <Item>
      <PriceUpdateTime>2025-04-20T08:58:01.000</PriceUpdateTime>
      <ItemCode>7290013144317</ItemCode>
      <LastSaleDateTime>2026-01-22T17:01:15.000</LastSaleDateTime>
      <ItemType>1</ItemType>
      <ItemName>מימונס ג'וני גלילית</ItemName>
      <ManufactureName>הגביע</ManufactureName>
      <ManufactureCountry>ישראל</ManufactureCountry>
      <ManufactureItemDescription>ג'וני - גלילית וופל למילו</ManufactureItemDescription>
      <UnitQty>לא ידוע</UnitQty>
      <Quantity>18.00</Quantity>
      <UnitOfMeasure>יח'</UnitOfMeasure>
      <bIsWeighted>0</bIsWeighted>
      <QtyInPackage>לא ידוע</QtyInPackage>
      <ItemPrice>23.10</ItemPrice>
      <UnitOfMeasurePrice>1.28</UnitOfMeasurePrice>
      <AllowDiscount>1</AllowDiscount>
      <ItemStatus/>
    </Item>
    <Item>
      <PriceUpdateTime>2025-04-20T08:58:01.000</PriceUpdateTime>
      <ItemCode>7290013145277</ItemCode>
      <LastSaleDateTime>2026-01-29T18:59:44.000</LastSaleDateTime>
      <ItemType>1</ItemType>
      <ItemName>עלים לקרמשניט 300 גר</ItemName>
      <ManufactureName>לא ידוע</ManufactureName>
      <ManufactureCountry>לא ידוע</ManufactureCountry>
      <ManufactureItemDescription>עלים לקרמשניט 300 גר</ManufactureItemDescription>
      <UnitQty>גרם</UnitQty>
      <Quantity>300.00</Quantity>
      <UnitOfMeasure>100 גרם</UnitOfMeasure>
      <bIsWeighted>0</bIsWeighted>
      <QtyInPackage>לא ידוע</QtyInPackage>
      <ItemPrice>16.90</ItemPrice>
      <UnitOfMeasurePrice>5.63</UnitOfMeasurePrice>
      <AllowDiscount>1</AllowDiscount>
      <ItemStatus/>
    </Item>
    <Item>
      <PriceUpdateTime>2025-04-20T08:58:04.000</PriceUpdateTime>
      <ItemCode>7290016087123</ItemCode>
      <LastSaleDateTime>2026-01-22T09:18:41.000</LastSaleDateTime>
      <ItemType>1</ItemType>
      <ItemName>פריניר רוטב פסטה קלא</ItemName>
      <ManufactureName>לא ידוע</ManufactureName>
      <ManufactureCountry>לא ידוע</ManufactureCountry>
      <ManufactureItemDescription>פריניר רוטב פסטה קלא</ManufactureItemDescription>
      <UnitQty>גרם</UnitQty>
      <Quantity>240.00</Quantity>
      <UnitOfMeasure>100 גרם</UnitOfMeasure>
      <bIsWeighted>0</bIsWeighted>
      <QtyInPackage>לא ידוע</QtyInPackage>
      <ItemPrice>5.50</ItemPrice>
      <UnitOfMeasurePrice>2.29</UnitOfMeasurePrice>
      <AllowDiscount>1</AllowDiscount>
      <ItemStatus/>
    </Item>
    <Item>
      <PriceUpdateTime>2025-04-20T08:58:04.000</PriceUpdateTime>
      <ItemCode>7290016087239</ItemCode>
      <LastSaleDateTime>2026-01-29T16:07:19.000</LastSaleDateTime>
      <ItemType>1</ItemType>
      <ItemName>רוטב עגבניות מרוכז ל</ItemName>
      <ManufactureName>לא ידוע</ManufactureName>
      <ManufactureCountry>לא ידוע</ManufactureCountry>
      <ManufactureItemDescription>רוטב עגבניות מרוכז ל</ManufactureItemDescription>
      <UnitQty>גרם</UnitQty>
      <Quantity>230.00</Quantity>
      <UnitOfMeasure>100 גרם</UnitOfMeasure>
      <bIsWeighted>0</bIsWeighted>
      <QtyInPackage>לא ידוע</QtyInPackage>
      <ItemPrice>5.50</ItemPrice>
      <UnitOfMeasurePrice>2.39</UnitOfMeasurePrice>
      <AllowDiscount>1</AllowDiscount>
      <ItemStatus/>
    </Item>
    <Item>
      <PriceUpdateTime>2025-04-20T08:58:04.000</PriceUpdateTime>
      <ItemCode>7290016077759</ItemCode>
      <LastSaleDateTime>2026-01-22T20:42:24.000</LastSaleDateTime>
      <ItemType>1</ItemType>
      <ItemName>רוטב ברביקיו קלאסי ה</ItemName>
      <ManufactureName>לא ידוע</ManufactureName>
      <ManufactureCountry>לא ידוע</ManufactureCountry>
      <ManufactureItemDescription>רוטב ברביקיו קלאסי ה</ManufactureItemDescription>
      <UnitQty>גרם</UnitQty>
      <Quantity>480.00</Quantity>
      <UnitOfMeasure>100 גרם</UnitOfMeasure>
      <bIsWeighted>0</bIsWeighted>
      <QtyInPackage>לא ידוע</QtyInPackage>
      <ItemPrice>17.80</ItemPrice>
      <UnitOfMeasurePrice>3.71</UnitOfMeasurePrice>
      <AllowDiscount>1</AllowDiscount>
      <ItemStatus/>
    </Item>
    <Item>
      <PriceUpdateTime>2025-04-20T08:58:04.000</PriceUpdateTime>
      <ItemCode>7290015603584</ItemCode>
      <LastSaleDateTime>2026-01-28T12:10:59.000</LastSaleDateTime>
      <ItemType>1</ItemType>
      <ItemName>ג'ינגר לבן כבוש ללא</ItemName>
      <ManufactureName>מזרח ומערב</ManufactureName>
      <ManufactureCountry>לא ידוע</ManufactureCountry>
      <ManufactureItemDescription>ג'ינגר לבן כבוש ללא</ManufactureItemDescription>
      <UnitQty>גרם</UnitQty>
      <Quantity>190.00</Quantity>
      <UnitOfMeasure>100 גרם</UnitOfMeasure>
      <bIsWeighted>0</bIsWeighted>
      <QtyInPackage>לא ידוע</QtyInPackage>
      <ItemPrice>7.80</ItemPrice>
      <UnitOfMeasurePrice>4.11</UnitOfMeasurePrice>
      <AllowDiscount>1</AllowDiscount>
      <ItemStatus/>
    </Item>
    <Item>
      <PriceUpdateTime>2025-04-20T08:58:04.000</PriceUpdateTime>
      <ItemCode>7290015603591</ItemCode>
      <LastSaleDateTime>2026-01-29T18:54:49.000</LastSaleDateTime>
      <ItemType>1</ItemType>
      <ItemName>גינגר ורוד 190גרם</ItemName>
      <ManufactureName>לא ידוע</ManufactureName>
      <ManufactureCountry>לא ידוע</ManufactureCountry>
      <ManufactureItemDescription>גינגר ורוד 190גרם</ManufactureItemDescription>
      <UnitQty>גרם</UnitQty>
      <Quantity>190.00</Quantity>
      <UnitOfMeasure>100 גרם</UnitOfMeasure>
      <bIsWeighted>0</bIsWeighted>
      <QtyInPackage>לא ידוע</QtyInPackage>
      <ItemPrice>6.80</ItemPrice>
      <UnitOfMeasurePrice>3.58</UnitOfMeasurePrice>
      <AllowDiscount>1</AllowDiscount>
      <ItemStatus/>
    </Item>
    <Item>
      <PriceUpdateTime>2025-04-20T08:58:08.000</PriceUpdateTime>
      <ItemCode>7290018835043</ItemCode>
      <LastSaleDateTime>2026-01-29T20:01:53.000</LastSaleDateTime>
      <ItemType>1</ItemType>
      <ItemName>תערובת תיבול סטייק מ</ItemName>
      <ManufactureName>לא ידוע</ManufactureName>
      <ManufactureCountry>לא ידוע</ManufactureCountry>
      <ManufactureItemDescription>תערובת תיבול סטייק מ</ManufactureItemDescription>
      <UnitQty>גרם</UnitQty>
      <Quantity>140.00</Quantity>
      <UnitOfMeasure>100 גרם</UnitOfMeasure>
      <bIsWeighted>0</bIsWeighted>
      <QtyInPackage>לא ידוע</QtyInPackage>
      <ItemPrice>16.80</ItemPrice>
      <UnitOfMeasurePrice>12.00</UnitOfMeasurePrice>
      <AllowDiscount>1</AllowDiscount>
      <ItemStatus/>
    </Item>
    <Item>
      <PriceUpdateTime>2025-04-20T08:58:08.000</PriceUpdateTime>
      <ItemCode>7290019233015</ItemCode>
      <LastSaleDateTime>2026-01-29T10:50:49.000</LastSaleDateTime>
      <ItemType>1</ItemType>
      <ItemName>זיתא שקשוקה ירוקה 42</ItemName>
      <ManufactureName>לא ידוע</ManufactureName>
      <ManufactureCountry>לא ידוע</ManufactureCountry>
      <ManufactureItemDescription>זיתא שקשוקה ירוקה 42</ManufactureItemDescription>
      <UnitQty>גרם</UnitQty>
      <Quantity>420.00</Quantity>
      <UnitOfMeasure>100 גרם</UnitOfMeasure>
      <bIsWeighted>0</bIsWeighted>
      <QtyInPackage>לא ידוע</QtyInPackage>
      <ItemPrice>16.90</ItemPrice>
      <UnitOfMeasurePrice>4.02</UnitOfMeasurePrice>
      <AllowDiscount>1</AllowDiscount>
      <ItemStatus/>
    </Item>
    <Item>
      <PriceUpdateTime>2025-04-20T08:58:08.000</PriceUpdateTime>
      <ItemCode>7290018989319</ItemCode>
      <LastSaleDateTime>2026-01-22T10:02:01.000</LastSaleDateTime>
      <ItemType>1</ItemType>
      <ItemName>שעועית לבנה ברוטב עג</ItemName>
      <ManufactureName>לא ידוע</ManufactureName>
      <ManufactureCountry>לא ידוע</ManufactureCountry>
      <ManufactureItemDescription>שעועית לבנה ברוטב עג</ManufactureItemDescription>
      <UnitQty>גרם</UnitQty>
      <Quantity>256.00</Quantity>
      <UnitOfMeasure>100 גרם</UnitOfMeasure>
      <bIsWeighted>0</bIsWeighted>
      <QtyInPackage>לא ידוע</QtyInPackage>
      <ItemPrice>10.70</ItemPrice>
      <UnitOfMeasurePrice>4.18</UnitOfMeasurePrice>
      <AllowDiscount>1</AllowDiscount>
      <ItemStatus/>
    </Item>
    <Item>
      <PriceUpdateTime>2025-04-20T08:58:08.000</PriceUpdateTime>
      <ItemCode>7290018554005</ItemCode>
      <LastSaleDateTime>2026-01-29T21:22:12.000</LastSaleDateTime>
      <ItemType>1</ItemType>
      <ItemName>מלפפון במלח 7-9 רמי</ItemName>
      <ManufactureName>לא ידוע</ManufactureName>
      <ManufactureCountry>לא ידוע</ManufactureCountry>
      <ManufactureItemDescription>מלפפון במלח 7-9 רמי</ManufactureItemDescription>
      <UnitQty>גרם</UnitQty>
      <Quantity>348.00</Quantity>
      <UnitOfMeasure>100 גרם</UnitOfMeasure>
      <bIsWeighted>0</bIsWeighted>
      <QtyInPackage>לא ידוע</QtyInPackage>
      <ItemPrice>6.90</ItemPrice>
      <UnitOfMeasurePrice>1.98</UnitOfMeasurePrice>
      <AllowDiscount>1</AllowDiscount>
      <ItemStatus/>
    </Item>
    <Item>
      <PriceUpdateTime>2025-04-20T08:58:09.000</PriceUpdateTime>
      <ItemCode>7290022005012</ItemCode>
      <LastSaleDateTime>2026-01-28T14:48:21.000</LastSaleDateTime>
      <ItemType>1</ItemType>
      <ItemName>פפריקה הונגרית מתוקה</ItemName>
      <ManufactureName>רמי לוי</ManufactureName>
      <ManufactureCountry>ישראל</ManufactureCountry>
      <ManufactureItemDescription>פפריקה הונגרית מתוקה</ManufactureItemDescription>
      <UnitQty>גרם</UnitQty>
      <Quantity>400.00</Quantity>
      <UnitOfMeasure>100 גרם</UnitOfMeasure>
      <bIsWeighted>0</bIsWeighted>
      <QtyInPackage>לא ידוע</QtyInPackage>
      <ItemPrice>19.90</ItemPrice>
      <UnitOfMeasurePrice>4.97</UnitOfMeasurePrice>
      <AllowDiscount>1</AllowDiscount>
      <ItemStatus/>
    </Item>
    <Item>
      <PriceUpdateTime>2025-04-20T08:58:09.000</PriceUpdateTime>
      <ItemCode>7290022005258</ItemCode>
      <LastSaleDateTime>2026-01-22T11:33:17.000</LastSaleDateTime>
      <ItemType>1</ItemType>
      <ItemName>קינמון טחון רמי לוי</ItemName>
      <ManufactureName>רמי לוי</ManufactureName>
      <ManufactureCountry>ישראל</ManufactureCountry>
      <ManufactureItemDescription>קינמון טחון רמי לוי</ManufactureItemDescription>
      <UnitQty>גרם</UnitQty>
      <Quantity>100.00</Quantity>
      <UnitOfMeasure>100 גרם</UnitOfMeasure>
      <bIsWeighted>0</bIsWeighted>
      <QtyInPackage>לא ידוע</QtyInPackage>
      <ItemPrice>7.30</ItemPrice>
      <UnitOfMeasurePrice>7.30</UnitOfMeasurePrice>
      <AllowDiscount>1</AllowDiscount>
      <ItemStatus/>
    </Item>
    <Item>
      <PriceUpdateTime>2025-04-20T08:58:13.000</PriceUpdateTime>
      <ItemCode>7290112492999</ItemCode>
      <LastSaleDateTime>2026-01-29T15:04:00.000</LastSaleDateTime>
      <ItemType>1</ItemType>
      <ItemName>מרק 400 טעם עוף בד"ץ</ItemName>
      <ManufactureName>לא ידוע</ManufactureName>
      <ManufactureCountry>לא ידוע</ManufactureCountry>
      <ManufactureItemDescription>מרק 400 טעם עוף בד"ץ</ManufactureItemDescription>
      <UnitQty>גרם</UnitQty>
      <Quantity>400.00</Quantity>
      <UnitOfMeasure>100 גרם</UnitOfMeasure>
      <bIsWeighted>0</bIsWeighted>
      <QtyInPackage>לא ידוע</QtyInPackage>
      <ItemPrice>14.90</ItemPrice>
      <UnitOfMeasurePrice>3.73</UnitOfMeasurePrice>
      <AllowDiscount>1</AllowDiscount>
      <ItemStatus/>
    </Item>
    <Item>
      <PriceUpdateTime>2025-04-20T08:58:14.000</PriceUpdateTime>
      <ItemCode>7290112966841</ItemCode>
      <LastSaleDateTime>2026-01-22T21:29:35.000</LastSaleDateTime>
      <ItemType>1</ItemType>
      <ItemName>אינסטנט פודינג בטעם</ItemName>
      <ManufactureName>לא ידוע</ManufactureName>
      <ManufactureCountry>לא ידוע</ManufactureCountry>
      <ManufactureItemDescription>אינסטנט פודינג בטעם</ManufactureItemDescription>
      <UnitQty>גרם</UnitQty>
      <Quantity>95.00</Quantity>
      <UnitOfMeasure>100 גרם</UnitOfMeasure>
      <bIsWeighted>0</bIsWeighted>
      <QtyInPackage>לא ידוע</QtyInPackage>
      <ItemPrice>4.90</ItemPrice>
      <UnitOfMeasurePrice>5.16</UnitOfMeasurePrice>
      <AllowDiscount>1</AllowDiscount>
      <ItemStatus/>
    </Item>
    <Item>
      <PriceUpdateTime>2025-04-20T08:58:14.000</PriceUpdateTime>
      <ItemCode>7290112969538</ItemCode>
      <LastSaleDateTime>2026-01-28T18:19:55.000</LastSaleDateTime>
      <ItemType>1</ItemType>
      <ItemName>מנה חמה נודלס ויאטנמ</ItemName>
      <ManufactureName>לא ידוע</ManufactureName>
      <ManufactureCountry>לא ידוע</ManufactureCountry>
      <ManufactureItemDescription>מנה חמה נודלס ויאטנמ</ManufactureItemDescription>
      <UnitQty>גרם</UnitQty>
      <Quantity>75.00</Quantity>
      <UnitOfMeasure>100 גרם</UnitOfMeasure>
      <bIsWeighted>0</bIsWeighted>
      <QtyInPackage>לא ידוע</QtyInPackage>
      <ItemPrice>4.90</ItemPrice>
      <UnitOfMeasurePrice>6.53</UnitOfMeasurePrice>
      <AllowDiscount>1</AllowDiscount>
      <ItemStatus/>
    </Item>
    <Item>
      <PriceUpdateTime>2025-04-20T08:58:19.000</PriceUpdateTime>
      <ItemCode>8850367990443</ItemCode>
      <LastSaleDateTime>2026-01-22T10:33:14.000</LastSaleDateTime>
      <ItemType>1</ItemType>
      <ItemName>רוטב לסלט בסגנון אסי</ItemName>
      <ManufactureName>לא ידוע</ManufactureName>
      <ManufactureCountry>לא ידוע</ManufactureCountry>
      <ManufactureItemDescription>רוטב לסלט בסגנון אסי</ManufactureItemDescription>
      <UnitQty>לא ידוע</UnitQty>
      <Quantity>285.00</Quantity>
      <UnitOfMeasure>100 מ"ל</UnitOfMeasure>
      <bIsWeighted>0</bIsWeighted>
      <QtyInPackage>לא ידוע</QtyInPackage>
      <ItemPrice>10.80</ItemPrice>
      <UnitOfMeasurePrice>0.04</UnitOfMeasurePrice>
      <AllowDiscount>1</AllowDiscount>
      <ItemStatus/>
    </Item>
    <Item>
      <PriceUpdateTime>2025-04-20T08:58:19.000</PriceUpdateTime>
      <ItemCode>8858271002887</ItemCode>
      <LastSaleDateTime>2026-01-28T12:13:20.000</LastSaleDateTime>
      <ItemType>1</ItemType>
      <ItemName>רוטב טריאקי 250 מ'ל</ItemName>
      <ManufactureName>מזרח ומערב</ManufactureName>
      <ManufactureCountry>לא ידוע</ManufactureCountry>
      <ManufactureItemDescription>רוטב טריאקי 250 מ'ל</ManufactureItemDescription>
      <UnitQty>גרם</UnitQty>
      <Quantity>250.00</Quantity>
      <UnitOfMeasure>100 גרם</UnitOfMeasure>
      <bIsWeighted>0</bIsWeighted>
      <QtyInPackage>לא ידוע</QtyInPackage>
      <ItemPrice>9.90</ItemPrice>
      <UnitOfMeasurePrice>3.96</UnitOfMeasurePrice>
      <AllowDiscount>1</AllowDiscount>
      <ItemStatus/>
    </Item>
    <Item>
      <PriceUpdateTime>2025-04-20T08:58:19.000</PriceUpdateTime>
      <ItemCode>8858271003020</ItemCode>
      <LastSaleDateTime>2026-01-28T12:13:20.000</LastSaleDateTime>
      <ItemType>1</ItemType>
      <ItemName>רוטב סויה פורמולה 1</ItemName>
      <ManufactureName>מזרח ומערב</ManufactureName>
      <ManufactureCountry>לא ידוע</ManufactureCountry>
      <ManufactureItemDescription>רוטב סויה פורמולה 1</ManufactureItemDescription>
      <UnitQty>גרם</UnitQty>
      <Quantity>700.00</Quantity>
      <UnitOfMeasure>100 גרם</UnitOfMeasure>
      <bIsWeighted>0</bIsWeighted>
      <QtyInPackage>לא ידוע</QtyInPackage>
      <ItemPrice>14.80</ItemPrice>
      <UnitOfMeasurePrice>2.11</UnitOfMeasurePrice>
      <AllowDiscount>1</AllowDiscount>
      <ItemStatus/>
    </Item>
    <Item>
      <PriceUpdateTime>2025-04-20T08:58:19.000</PriceUpdateTime>
      <ItemCode>8858271004423</ItemCode>
      <LastSaleDateTime>2026-01-29T17:07:46.000</LastSaleDateTime>
      <ItemType>1</ItemType>
      <ItemName>רוטב טום ים 250 מ"ל</ItemName>
      <ManufactureName>לא ידוע</ManufactureName>
      <ManufactureCountry>לא ידוע</ManufactureCountry>
      <ManufactureItemDescription>רוטב טום ים 250 מ"ל</ManufactureItemDescription>
      <UnitQty>לא ידוע</UnitQty>
      <Quantity>250.00</Quantity>
      <UnitOfMeasure>100 מ"ל</UnitOfMeasure>
      <bIsWeighted>0</bIsWeighted>
      <QtyInPackage>לא ידוע</QtyInPackage>
      <ItemPrice>9.90</ItemPrice>
      <UnitOfMeasurePrice>0.04</UnitOfMeasurePrice>
      <AllowDiscount>1</AllowDiscount>
      <ItemStatus/>
    </Item>
    <Item>
      <PriceUpdateTime>2025-04-20T08:59:06.000</PriceUpdateTime>
      <ItemCode>7290000226576</ItemCode>
      <LastSaleDateTime>2025-07-16T00:00:00.000</LastSaleDateTime>
      <ItemType>1</ItemType>
      <ItemName>עוגת טורט קצפת שוקול</ItemName>
      <ManufactureName>לא ידוע</ManufactureName>
      <ManufactureCountry>לא ידוע</ManufactureCountry>
      <ManufactureItemDescription>עוגת טורט קצפת שוקול</ManufactureItemDescription>
      <UnitQty>לא ידוע</UnitQty>
      <Quantity>1.00</Quantity>
      <UnitOfMeasure>יח'</UnitOfMeasure>
      <bIsWeighted>0</bIsWeighted>
      <QtyInPackage>לא ידוע</QtyInPackage>
      <ItemPrice>69.90</ItemPrice>
      <UnitOfMeasurePrice>69.90</UnitOfMeasurePrice>
      <AllowDiscount>1</AllowDiscount>
      <ItemStatus>2</ItemStatus>
    </Item>
    <Item>
      <PriceUpdateTime>2025-04-20T08:59:08.000</PriceUpdateTime>
      <ItemCode>7290002507604</ItemCode>
      <LastSaleDateTime>2026-01-29T16:35:35.000</LastSaleDateTime>
      <ItemType>1</ItemType>
      <ItemName>פיצת השף שגב 320 ג</ItemName>
      <ManufactureName>לא ידוע</ManufactureName>
      <ManufactureCountry>לא ידוע</ManufactureCountry>
      <ManufactureItemDescription>פיצת השף שגב 320 ג</ManufactureItemDescription>
      <UnitQty>גרם</UnitQty>
      <Quantity>320.00</Quantity>
      <UnitOfMeasure>100 גרם</UnitOfMeasure>
      <bIsWeighted>0</bIsWeighted>
      <QtyInPackage>לא ידוע</QtyInPackage>
      <ItemPrice>15.00</ItemPrice>
      <UnitOfMeasurePrice>4.69</UnitOfMeasurePrice>
      <AllowDiscount>1</AllowDiscount>
      <ItemStatus/>
    </Item>
    <Item>
      <PriceUpdateTime>2025-04-20T08:59:08.000</PriceUpdateTime>
      <ItemCode>7290002026440</ItemCode>
      <LastSaleDateTime>2026-01-22T21:23:35.000</LastSaleDateTime>
      <ItemType>1</ItemType>
      <ItemName>פרצלס בראנץ קפוא 280</ItemName>
      <ManufactureName>לא ידוע</ManufactureName>
      <ManufactureCountry>לא ידוע</ManufactureCountry>
      <ManufactureItemDescription>פרצלס בראנץ קפוא 280</ManufactureItemDescription>
      <UnitQty>גרם</UnitQty>
      <Quantity>280.00</Quantity>
      <UnitOfMeasure>100 גרם</UnitOfMeasure>
      <bIsWeighted>0</bIsWeighted>
      <QtyInPackage>לא ידוע</QtyInPackage>
      <ItemPrice>12.90</ItemPrice>
      <UnitOfMeasurePrice>4.61</UnitOfMeasurePrice>
      <AllowDiscount>1</AllowDiscount>
      <ItemStatus/>
    </Item>
    <Item>
      <PriceUpdateTime>2025-04-20T08:59:09.000</PriceUpdateTime>
      <ItemCode>7290002603924</ItemCode>
      <LastSaleDateTime>2026-01-29T18:53:07.000</LastSaleDateTime>
      <ItemType>1</ItemType>
      <ItemName>מאפה אגרול סיני 600</ItemName>
      <ManufactureName>לא ידוע</ManufactureName>
      <ManufactureCountry>לא ידוע</ManufactureCountry>
      <ManufactureItemDescription>מאפה אגרול סיני 600</ManufactureItemDescription>
      <UnitQty>גרם</UnitQty>
      <Quantity>600.00</Quantity>
      <UnitOfMeasure>100 גרם</UnitOfMeasure>
      <bIsWeighted>0</bIsWeighted>
      <QtyInPackage>לא ידוע</QtyInPackage>
      <ItemPrice>11.90</ItemPrice>
      <UnitOfMeasurePrice>1.98</UnitOfMeasurePrice>
      <AllowDiscount>1</AllowDiscount>
      <ItemStatus/>
    </Item>
    <Item>
      <PriceUpdateTime>2025-04-20T08:59:09.000</PriceUpdateTime>
      <ItemCode>7290002603962</ItemCode>
      <LastSaleDateTime>2026-01-29T19:15:11.000</LastSaleDateTime>
      <ItemType>1</ItemType>
      <ItemName>מאפה סיגר תפו"א 600</ItemName>
      <ManufactureName>לא ידוע</ManufactureName>
      <ManufactureCountry>לא ידוע</ManufactureCountry>
      <ManufactureItemDescription>מאפה סיגר תפו"א 600</ManufactureItemDescription>
      <UnitQty>גרם</UnitQty>
      <Quantity>600.00</Quantity>
      <UnitOfMeasure>100 גרם</UnitOfMeasure>
      <bIsWeighted>0</bIsWeighted>
      <QtyInPackage>לא ידוע</QtyInPackage>
      <ItemPrice>11.90</ItemPrice>
      <UnitOfMeasurePrice>1.98</UnitOfMeasurePrice>
      <AllowDiscount>1</AllowDiscount>
      <ItemStatus/>
    </Item>
    <Item>
      <PriceUpdateTime>2025-04-20T08:59:10.000</PriceUpdateTime>
      <ItemCode>7290002787884</ItemCode>
      <LastSaleDateTime>2026-01-29T19:51:42.000</LastSaleDateTime>
      <ItemType>1</ItemType>
      <ItemName>מקלות בורקס פילו תפו</ItemName>
      <ManufactureName>לא ידוע</ManufactureName>
      <ManufactureCountry>לא ידוע</ManufactureCountry>
      <ManufactureItemDescription>מקלות בורקס פילו תפו</ManufactureItemDescription>
      <UnitQty>גרם</UnitQty>
      <Quantity>650.00</Quantity>
      <UnitOfMeasure>100 גרם</UnitOfMeasure>
      <bIsWeighted>0</bIsWeighted>
      <QtyInPackage>לא ידוע</QtyInPackage>
      <ItemPrice>16.80</ItemPrice>
      <UnitOfMeasurePrice>2.58</UnitOfMeasurePrice>
      <AllowDiscount>1</AllowDiscount>
      <ItemStatus/>
    </Item>
    <Item>
      <PriceUpdateTime>2025-04-20T08:59:10.000</PriceUpdateTime>
      <ItemCode>7290003310555</ItemCode>
      <LastSaleDateTime>2026-01-22T22:11:36.000</LastSaleDateTime>
      <ItemType>1</ItemType>
      <ItemName>מאגדת טילונים קרם עו</ItemName>
      <ManufactureName>לא ידוע</ManufactureName>
      <ManufactureCountry>לא ידוע</ManufactureCountry>
      <ManufactureItemDescription>מאגדת טילונים קרם עו</ManufactureItemDescription>
      <UnitQty>גרם</UnitQty>
      <Quantity>400.00</Quantity>
      <UnitOfMeasure>100 גרם</UnitOfMeasure>
      <bIsWeighted>0</bIsWeighted>
      <QtyInPackage>לא ידוע</QtyInPackage>
      <ItemPrice>24.90</ItemPrice>
      <UnitOfMeasurePrice>6.22</UnitOfMeasurePrice>
      <AllowDiscount>1</AllowDiscount>
      <ItemStatus/>
    </Item>
    <Item>
      <PriceUpdateTime>2025-04-20T08:59:10.000</PriceUpdateTime>
      <ItemCode>7290002735830</ItemCode>
      <LastSaleDateTime>2026-01-29T20:01:19.000</LastSaleDateTime>
      <ItemType>1</ItemType>
      <ItemName>בורקס תפוא רמי לוי 8</ItemName>
      <ManufactureName>ינון</ManufactureName>
      <ManufactureCountry>ישראל</ManufactureCountry>
      <ManufactureItemDescription>בורקס תפוא רמי לוי 8</ManufactureItemDescription>
      <UnitQty>גרם</UnitQty>
      <Quantity>800.00</Quantity>
      <UnitOfMeasure>100 גרם</UnitOfMeasure>
      <bIsWeighted>0</bIsWeighted>
      <QtyInPackage>לא ידוע</QtyInPackage>
      <ItemPrice>12.10</ItemPrice>
      <UnitOfMeasurePrice>1.51</UnitOfMeasurePrice>
      <AllowDiscount>1</AllowDiscount>
      <ItemStatus/>
    </Item>
    <Item>
      <PriceUpdateTime>2025-04-20T08:59:11.000</PriceUpdateTime>
      <ItemCode>7290004228804</ItemCode>
      <LastSaleDateTime>2026-01-28T09:44:13.000</LastSaleDateTime>
      <ItemType>1</ItemType>
      <ItemName>עלי סיגר 500 גרם</ItemName>
      <ManufactureName>לא ידוע</ManufactureName>
      <ManufactureCountry>לא ידוע</ManufactureCountry>
      <ManufactureItemDescription>עלי סיגר 500 גרם</ManufactureItemDescription>
      <UnitQty>גרם</UnitQty>
      <Quantity>500.00</Quantity>
      <UnitOfMeasure>100 גרם</UnitOfMeasure>
      <bIsWeighted>0</bIsWeighted>
      <QtyInPackage>לא ידוע</QtyInPackage>
      <ItemPrice>12.10</ItemPrice>
      <UnitOfMeasurePrice>2.42</UnitOfMeasurePrice>
      <AllowDiscount>1</AllowDiscount>
      <ItemStatus/>
    </Item>
    <Item>
      <PriceUpdateTime>2025-04-20T08:59:11.000</PriceUpdateTime>
      <ItemCode>7290003359943</ItemCode>
      <LastSaleDateTime>2026-01-22T16:19:26.000</LastSaleDateTime>
      <ItemType>1</ItemType>
      <ItemName>בורקס גבינה 700ג רמי</ItemName>
      <ManufactureName>לא ידוע</ManufactureName>
      <ManufactureCountry>לא ידוע</ManufactureCountry>
      <ManufactureItemDescription>בורקס גבינה 700ג רמי</ManufactureItemDescription>
      <UnitQty>גרם</UnitQty>
      <Quantity>700.00</Quantity>
      <UnitOfMeasure>100 גרם</UnitOfMeasure>
      <bIsWeighted>0</bIsWeighted>
      <QtyInPackage>לא ידוע</QtyInPackage>
      <ItemPrice>15.10</ItemPrice>
      <UnitOfMeasurePrice>2.16</UnitOfMeasurePrice>
      <AllowDiscount>1</AllowDiscount>
      <ItemStatus/>
    </Item>
    <Item>
      <PriceUpdateTime>2025-04-20T08:59:13.000</PriceUpdateTime>
      <ItemCode>7290006271174</ItemCode>
      <LastSaleDateTime>2026-01-22T10:11:58.000</LastSaleDateTime>
      <ItemType>1</ItemType>
      <ItemName>ג'חנון לאפיה בתנור מ</ItemName>
      <ManufactureName>מעדנות</ManufactureName>
      <ManufactureCountry>ישראל</ManufactureCountry>
      <ManufactureItemDescription>גחנון בצק 700גר מעדנות</ManufactureItemDescription>
      <UnitQty>גרם</UnitQty>
      <Quantity>700.00</Quantity>
      <UnitOfMeasure>100 גרם</UnitOfMeasure>
      <bIsWeighted>0</bIsWeighted>
      <QtyInPackage>לא ידוע</QtyInPackage>
      <ItemPrice>21.10</ItemPrice>
      <UnitOfMeasurePrice>3.01</UnitOfMeasurePrice>
      <AllowDiscount>1</AllowDiscount>
      <ItemStatus/>
    </Item>
    <Item>
      <PriceUpdateTime>2025-04-20T08:59:13.000</PriceUpdateTime>
      <ItemCode>7290006753922</ItemCode>
      <LastSaleDateTime>2026-01-22T14:43:19.000</LastSaleDateTime>
      <ItemType>1</ItemType>
      <ItemName>מיני צוריסוס 500 גרם</ItemName>
      <ManufactureName>לא ידוע</ManufactureName>
      <ManufactureCountry>לא ידוע</ManufactureCountry>
      <ManufactureItemDescription>מיני צוריסוס 500 גרם</ManufactureItemDescription>
      <UnitQty>גרם</UnitQty>
      <Quantity>500.00</Quantity>
      <UnitOfMeasure>100 גרם</UnitOfMeasure>
      <bIsWeighted>0</bIsWeighted>
      <QtyInPackage>לא ידוע</QtyInPackage>
      <ItemPrice>31.90</ItemPrice>
      <UnitOfMeasurePrice>6.38</UnitOfMeasurePrice>
      <AllowDiscount>1</AllowDiscount>
      <ItemStatus/>
    </Item>
    <Item>
      <PriceUpdateTime>2025-04-20T08:59:16.000</PriceUpdateTime>
      <ItemCode>7290014749887</ItemCode>
      <LastSaleDateTime>2026-01-28T15:58:48.000</LastSaleDateTime>
      <ItemType>1</ItemType>
      <ItemName>שניצל עוף דק ענק קרי</ItemName>
      <ManufactureName>לא ידוע</ManufactureName>
      <ManufactureCountry>לא ידוע</ManufactureCountry>
      <ManufactureItemDescription>שניצל עוף דק ענק קרי</ManufactureItemDescription>
      <UnitQty>גרם</UnitQty>
      <Quantity>720.00</Quantity>
      <UnitOfMeasure>100 גרם</UnitOfMeasure>
      <bIsWeighted>0</bIsWeighted>
      <QtyInPackage>לא ידוע</QtyInPackage>
      <ItemPrice>39.90</ItemPrice>
      <UnitOfMeasurePrice>5.54</UnitOfMeasurePrice>
      <AllowDiscount>1</AllowDiscount>
      <ItemStatus/>
    </Item>
    <Item>
      <PriceUpdateTime>2025-04-20T08:59:16.000</PriceUpdateTime>
      <ItemCode>7290016733693</ItemCode>
      <LastSaleDateTime>2026-01-29T16:27:22.000</LastSaleDateTime>
      <ItemType>1</ItemType>
      <ItemName>שניצל תירס רמי לוי 2</ItemName>
      <ManufactureName>רמי לוי</ManufactureName>
      <ManufactureCountry>ישראל</ManufactureCountry>
      <ManufactureItemDescription>שניצל תירס רמי לוי 2</ManufactureItemDescription>
      <UnitQty>קילוגרם</UnitQty>
      <Quantity>2.00</Quantity>
      <UnitOfMeasure>ק"ג     </UnitOfMeasure>
      <bIsWeighted>0</bIsWeighted>
      <QtyInPackage>לא ידוע</QtyInPackage>
      <ItemPrice>50.50</ItemPrice>
      <UnitOfMeasurePrice>25.25</UnitOfMeasurePrice>
      <AllowDiscount>1</AllowDiscount>
      <ItemStatus/>
    </Item>
    <Item>
      <PriceUpdateTime>2025-04-20T08:59:16.000</PriceUpdateTime>
      <ItemCode>7290015172097</ItemCode>
      <LastSaleDateTime>2026-01-29T18:05:29.000</LastSaleDateTime>
      <ItemType>1</ItemType>
      <ItemName>גיוזה בקר דים סאם 27</ItemName>
      <ManufactureName>לא ידוע</ManufactureName>
      <ManufactureCountry>לא ידוע</ManufactureCountry>
      <ManufactureItemDescription>גיוזה בקר דים סאם 27</ManufactureItemDescription>
      <UnitQty>גרם</UnitQty>
      <Quantity>270.00</Quantity>
      <UnitOfMeasure>100 גרם</UnitOfMeasure>
      <bIsWeighted>0</bIsWeighted>
      <QtyInPackage>לא ידוע</QtyInPackage>
      <ItemPrice>29.80</ItemPrice>
      <UnitOfMeasurePrice>11.04</UnitOfMeasurePrice>
      <AllowDiscount>1</AllowDiscount>
      <ItemStatus/>
    </Item>
    <Item>
      <PriceUpdateTime>2025-04-20T08:59:16.000</PriceUpdateTime>
      <ItemCode>7290015172271</ItemCode>
      <LastSaleDateTime>2026-01-29T18:05:29.000</LastSaleDateTime>
      <ItemType>1</ItemType>
      <ItemName>דים סאם במילוי מרק ע</ItemName>
      <ManufactureName>לא ידוע</ManufactureName>
      <ManufactureCountry>לא ידוע</ManufactureCountry>
      <ManufactureItemDescription>דים סאם במילוי מרק ע</ManufactureItemDescription>
      <UnitQty>גרם</UnitQty>
      <Quantity>170.00</Quantity>
      <UnitOfMeasure>100 גרם</UnitOfMeasure>
      <bIsWeighted>0</bIsWeighted>
      <QtyInPackage>לא ידוע</QtyInPackage>
      <ItemPrice>29.80</ItemPrice>
      <UnitOfMeasurePrice>17.53</UnitOfMeasurePrice>
      <AllowDiscount>1</AllowDiscount>
      <ItemStatus/>
    </Item>
    <Item>
      <PriceUpdateTime>2025-04-20T08:59:17.000</PriceUpdateTime>
      <ItemCode>7290018441565</ItemCode>
      <LastSaleDateTime>2026-01-22T20:47:57.000</LastSaleDateTime>
      <ItemType>1</ItemType>
      <ItemName>פיינט וניל פקאן בלונ</ItemName>
      <ManufactureName>לא ידוע</ManufactureName>
      <ManufactureCountry>לא ידוע</ManufactureCountry>
      <ManufactureItemDescription>פיינט וניל פקאן בלונ</ManufactureItemDescription>
      <UnitQty>לא ידוע</UnitQty>
      <Quantity>441.00</Quantity>
      <UnitOfMeasure>100 מ"ל</UnitOfMeasure>
      <bIsWeighted>0</bIsWeighted>
      <QtyInPackage>לא ידוע</QtyInPackage>
      <ItemPrice>21.90</ItemPrice>
      <UnitOfMeasurePrice>0.05</UnitOfMeasurePrice>
      <AllowDiscount>1</AllowDiscount>
      <ItemStatus/>
    </Item>
    <Item>
      <PriceUpdateTime>2025-04-20T08:59:19.000</PriceUpdateTime>
      <ItemCode>7290019204800</ItemCode>
      <LastSaleDateTime>2026-01-28T15:13:55.000</LastSaleDateTime>
      <ItemType>1</ItemType>
      <ItemName>עוף טוב צונגו רצועות</ItemName>
      <ManufactureName>לא ידוע</ManufactureName>
      <ManufactureCountry>לא ידוע</ManufactureCountry>
      <ManufactureItemDescription>עוף טוב צונגו רצועות</ManufactureItemDescription>
      <UnitQty>גרם</UnitQty>
      <Quantity>600.00</Quantity>
      <UnitOfMeasure>100 גרם</UnitOfMeasure>
      <bIsWeighted>0</bIsWeighted>
      <QtyInPackage>לא ידוע</QtyInPackage>
      <ItemPrice>39.90</ItemPrice>
      <UnitOfMeasurePrice>6.65</UnitOfMeasurePrice>
      <AllowDiscount>1</AllowDiscount>
      <ItemStatus/>
    </Item>
    <Item>
      <PriceUpdateTime>2025-04-20T08:59:21.000</PriceUpdateTime>
      <ItemCode>7290111566332</ItemCode>
      <LastSaleDateTime>2026-01-22T19:34:05.000</LastSaleDateTime>
      <ItemType>1</ItemType>
      <ItemName>נקניקיות וינר צמחוני</ItemName>
      <ManufactureName>לא ידוע</ManufactureName>
      <ManufactureCountry>לא ידוע</ManufactureCountry>
      <ManufactureItemDescription>נקניקיות וינר צמחוני</ManufactureItemDescription>
      <UnitQty>גרם</UnitQty>
      <Quantity>680.00</Quantity>
      <UnitOfMeasure>100 גרם</UnitOfMeasure>
      <bIsWeighted>0</bIsWeighted>
      <QtyInPackage>לא ידוע</QtyInPackage>
      <ItemPrice>29.90</ItemPrice>
      <UnitOfMeasurePrice>4.40</UnitOfMeasurePrice>
      <AllowDiscount>1</AllowDiscount>
      <ItemStatus/>
    </Item>
    <Item>
      <PriceUpdateTime>2025-04-20T08:59:24.000</PriceUpdateTime>
      <ItemCode>7290119049097</ItemCode>
      <LastSaleDateTime>2015-01-01T00:00:00.000</LastSaleDateTime>
      <ItemType>1</ItemType>
      <ItemName>פחזניות וניל 500 גר</ItemName>
      <ManufactureName>לא ידוע</ManufactureName>
      <ManufactureCountry>לא ידוע</ManufactureCountry>
      <ManufactureItemDescription>פחזניות וניל 500 גר</ManufactureItemDescription>
      <UnitQty>גרם</UnitQty>
      <Quantity>500.00</Quantity>
      <UnitOfMeasure>100 גרם</UnitOfMeasure>
      <bIsWeighted>0</bIsWeighted>
      <QtyInPackage>לא ידוע</QtyInPackage>
      <ItemPrice>15.10</ItemPrice>
      <UnitOfMeasurePrice>3.02</UnitOfMeasurePrice>
      <AllowDiscount>1</AllowDiscount>
      <ItemStatus>2</ItemStatus>
    </Item>
    <Item>
      <PriceUpdateTime>2025-04-20T08:59:32.000</PriceUpdateTime>
      <ItemCode>5411188110835</ItemCode>
      <LastSaleDateTime>2026-01-22T18:23:46.000</LastSaleDateTime>
      <ItemType>1</ItemType>
      <ItemName>אלפרו משקה שקדים 1 ל</ItemName>
      <ManufactureName>אלפרו</ManufactureName>
      <ManufactureCountry>לא ידוע</ManufactureCountry>
      <ManufactureItemDescription>אלפרו משקה שקדים 1 ל</ManufactureItemDescription>
      <UnitQty>ליטר</UnitQty>
      <Quantity>1.00</Quantity>
      <UnitOfMeasure>ליטר    </UnitOfMeasure>
      <bIsWeighted>0</bIsWeighted>
      <QtyInPackage>לא ידוע</QtyInPackage>
      <ItemPrice>14.70</ItemPrice>
      <UnitOfMeasurePrice>14.70</UnitOfMeasurePrice>
      <AllowDiscount>1</AllowDiscount>
      <ItemStatus/>
    </Item>
    <Item>
      <PriceUpdateTime>2025-04-20T08:59:33.000</PriceUpdateTime>
      <ItemCode>7290000518169</ItemCode>
      <LastSaleDateTime>2026-01-28T12:47:25.000</LastSaleDateTime>
      <ItemType>1</ItemType>
      <ItemName>ממתיק מתוק וקל 1000</ItemName>
      <ManufactureName>מתוק וקל</ManufactureName>
      <ManufactureCountry>לא ידוע</ManufactureCountry>
      <ManufactureItemDescription>ממתיק מתוק וקל 1000</ManufactureItemDescription>
      <UnitQty>לא ידוע</UnitQty>
      <Quantity>1.00</Quantity>
      <UnitOfMeasure>יח'</UnitOfMeasure>
      <bIsWeighted>0</bIsWeighted>
      <QtyInPackage>לא ידוע</QtyInPackage>
      <ItemPrice>6.90</ItemPrice>
      <UnitOfMeasurePrice>6.90</UnitOfMeasurePrice>
      <AllowDiscount>1</AllowDiscount>
      <ItemStatus/>
    </Item>
    <Item>
      <PriceUpdateTime>2025-04-20T08:59:41.000</PriceUpdateTime>
      <ItemCode>7290109354101</ItemCode>
      <LastSaleDateTime>2026-01-22T18:41:51.000</LastSaleDateTime>
      <ItemType>1</ItemType>
      <ItemName>לחמית ללא גלוטן 200</ItemName>
      <ManufactureName>לא ידוע</ManufactureName>
      <ManufactureCountry>לא ידוע</ManufactureCountry>
      <ManufactureItemDescription>לחמית ללא גלוטן 200</ManufactureItemDescription>
      <UnitQty>גרם</UnitQty>
      <Quantity>200.00</Quantity>
      <UnitOfMeasure>100 גרם</UnitOfMeasure>
      <bIsWeighted>0</bIsWeighted>
      <QtyInPackage>לא ידוע</QtyInPackage>
      <ItemPrice>6.90</ItemPrice>
      <UnitOfMeasurePrice>3.45</UnitOfMeasurePrice>
      <AllowDiscount>1</AllowDiscount>
      <ItemStatus/>
    </Item>
    <Item>
      <PriceUpdateTime>2025-04-20T08:59:41.000</PriceUpdateTime>
      <ItemCode>7290109354972</ItemCode>
      <LastSaleDateTime>2026-01-22T21:30:21.000</LastSaleDateTime>
      <ItemType>1</ItemType>
      <ItemName>פתי בר לל"ג קלאסי 20</ItemName>
      <ManufactureName>אסם</ManufactureName>
      <ManufactureCountry>ישראל</ManufactureCountry>
      <ManufactureItemDescription>פתי בר לל"ג קלאסי 20</ManufactureItemDescription>
      <UnitQty>גרם</UnitQty>
      <Quantity>200.00</Quantity>
      <UnitOfMeasure>100 גרם</UnitOfMeasure>
      <bIsWeighted>0</bIsWeighted>
      <QtyInPackage>לא ידוע</QtyInPackage>
      <ItemPrice>8.90</ItemPrice>
      <UnitOfMeasurePrice>4.45</UnitOfMeasurePrice>
      <AllowDiscount>1</AllowDiscount>
      <ItemStatus/>
    </Item>
    <Item>
      <PriceUpdateTime>2025-04-20T08:59:41.000</PriceUpdateTime>
      <ItemCode>7290019766018</ItemCode>
      <LastSaleDateTime>2026-01-28T15:58:48.000</LastSaleDateTime>
      <ItemType>1</ItemType>
      <ItemName>אול אין חטיף חלבון ס</ItemName>
      <ManufactureName>לא ידוע</ManufactureName>
      <ManufactureCountry>לא ידוע</ManufactureCountry>
      <ManufactureItemDescription>אול אין חטיף חלבון ס</ManufactureItemDescription>
      <UnitQty>גרם</UnitQty>
      <Quantity>55.00</Quantity>
      <UnitOfMeasure>100 גרם</UnitOfMeasure>
      <bIsWeighted>0</bIsWeighted>
      <QtyInPackage>לא ידוע</QtyInPackage>
      <ItemPrice>13.90</ItemPrice>
      <UnitOfMeasurePrice>25.27</UnitOfMeasurePrice>
      <AllowDiscount>1</AllowDiscount>
      <ItemStatus/>
    </Item>
    <Item>
      <PriceUpdateTime>2025-04-20T08:59:43.000</PriceUpdateTime>
      <ItemCode>8000215204561</ItemCode>
      <LastSaleDateTime>2026-01-29T19:05:43.000</LastSaleDateTime>
      <ItemType>1</ItemType>
      <ItemName>משקה שקדים אורגני 1</ItemName>
      <ManufactureName>לא ידוע</ManufactureName>
      <ManufactureCountry>לא ידוע</ManufactureCountry>
      <ManufactureItemDescription>משקה שקדים אורגני 1</ManufactureItemDescription>
      <UnitQty>לא ידוע</UnitQty>
      <Quantity>1.00</Quantity>
      <UnitOfMeasure>יח'</UnitOfMeasure>
      <bIsWeighted>0</bIsWeighted>
      <QtyInPackage>לא ידוע</QtyInPackage>
      <ItemPrice>16.90</ItemPrice>
      <UnitOfMeasurePrice>16.90</UnitOfMeasurePrice>
      <AllowDiscount>1</AllowDiscount>
      <ItemStatus/>
    </Item>
    <Item>
      <PriceUpdateTime>2025-04-20T08:59:45.000</PriceUpdateTime>
      <ItemCode>8410376052633</ItemCode>
      <LastSaleDateTime>2026-01-29T13:36:30.000</LastSaleDateTime>
      <ItemType>1</ItemType>
      <ItemName>גולון שוקוציפס ללת"ס</ItemName>
      <ManufactureName>לא ידוע</ManufactureName>
      <ManufactureCountry>לא ידוע</ManufactureCountry>
      <ManufactureItemDescription>גולון שוקוציפס ללת"ס</ManufactureItemDescription>
      <UnitQty>גרם</UnitQty>
      <Quantity>150.00</Quantity>
      <UnitOfMeasure>100 גרם</UnitOfMeasure>
      <bIsWeighted>0</bIsWeighted>
      <QtyInPackage>לא ידוע</QtyInPackage>
      <ItemPrice>11.90</ItemPrice>
      <UnitOfMeasurePrice>7.93</UnitOfMeasurePrice>
      <AllowDiscount>1</AllowDiscount>
      <ItemStatus/>
    </Item>
    <Item>
      <PriceUpdateTime>2025-04-20T14:20:07.000</PriceUpdateTime>
      <ItemCode>8435495840497</ItemCode>
      <LastSaleDateTime>2026-01-29T09:42:56.000</LastSaleDateTime>
      <ItemType>1</ItemType>
      <ItemName>תינוקלין ג'ל כביסה 2</ItemName>
      <ManufactureName>לא ידוע</ManufactureName>
      <ManufactureCountry>לא ידוע</ManufactureCountry>
      <ManufactureItemDescription>תינוקלין ג'ל כביסה 2</ManufactureItemDescription>
      <UnitQty>ליטר</UnitQty>
      <Quantity>2.00</Quantity>
      <UnitOfMeasure>ליטר    </UnitOfMeasure>
      <bIsWeighted>0</bIsWeighted>
      <QtyInPackage>לא ידוע</QtyInPackage>
      <ItemPrice>30.20</ItemPrice>
      <UnitOfMeasurePrice>15.10</UnitOfMeasurePrice>
      <AllowDiscount>1</AllowDiscount>
      <ItemStatus/>
    </Item>
    <Item>
      <PriceUpdateTime>2025-04-22T12:12:12.000</PriceUpdateTime>
      <ItemCode>7290001594858</ItemCode>
      <LastSaleDateTime>2026-01-29T21:03:42.000</LastSaleDateTime>
      <ItemType>1</ItemType>
      <ItemName>בירה טובורג רד 6*330</ItemName>
      <ManufactureName>קוקה קולה</ManufactureName>
      <ManufactureCountry>לא ידוע</ManufactureCountry>
      <ManufactureItemDescription>בירה טובורג רד 6*330</ManufactureItemDescription>
      <UnitQty>ליטר</UnitQty>
      <Quantity>1.98</Quantity>
      <UnitOfMeasure>ליטר    </UnitOfMeasure>
      <bIsWeighted>0</bIsWeighted>
      <QtyInPackage>לא ידוע</QtyInPackage>
      <ItemPrice>34.80</ItemPrice>
      <UnitOfMeasurePrice>17.58</UnitOfMeasurePrice>
      <AllowDiscount>1</AllowDiscount>
      <ItemStatus/>
    </Item>
    <Item>
      <PriceUpdateTime>2025-04-23T08:18:59.000</PriceUpdateTime>
      <ItemCode>7290000158657</ItemCode>
      <LastSaleDateTime>2015-01-01T00:00:00.000</LastSaleDateTime>
      <ItemType>1</ItemType>
      <ItemName>תפו"א גורמה</ItemName>
      <ManufactureName>לא ידוע</ManufactureName>
      <ManufactureCountry>לא ידוע</ManufactureCountry>
      <ManufactureItemDescription>תפו"א גורמה</ManufactureItemDescription>
      <UnitQty>קילוגרם</UnitQty>
      <Quantity>1.00</Quantity>
      <UnitOfMeasure>ק"ג     </UnitOfMeasure>
      <bIsWeighted>1</bIsWeighted>
      <QtyInPackage>לא ידוע</QtyInPackage>
      <ItemPrice>6.90</ItemPrice>
      <UnitOfMeasurePrice>6.90</UnitOfMeasurePrice>
      <AllowDiscount>1</AllowDiscount>
      <ItemStatus>2</ItemStatus>
    </Item>
    <Item>
      <PriceUpdateTime>2025-04-27T08:18:54.000</PriceUpdateTime>
      <ItemCode>7290108359251</ItemCode>
      <LastSaleDateTime>2026-01-22T19:18:35.000</LastSaleDateTime>
      <ItemType>1</ItemType>
      <ItemName>סנו סושי כרית לניקוי</ItemName>
      <ManufactureName>לא ידוע</ManufactureName>
      <ManufactureCountry>לא ידוע</ManufactureCountry>
      <ManufactureItemDescription>סנו סושי כרית לניקוי</ManufactureItemDescription>
      <UnitQty>לא ידוע</UnitQty>
      <Quantity>1.00</Quantity>
      <UnitOfMeasure>יח'</UnitOfMeasure>
      <bIsWeighted>0</bIsWeighted>
      <QtyInPackage>לא ידוע</QtyInPackage>
      <ItemPrice>9.90</ItemPrice>
      <UnitOfMeasurePrice>9.90</UnitOfMeasurePrice>
      <AllowDiscount>1</AllowDiscount>
      <ItemStatus/>
    </Item>
    <Item>
      <PriceUpdateTime>2025-04-27T08:19:06.000</PriceUpdateTime>
      <ItemCode>7290004731984</ItemCode>
      <LastSaleDateTime>2026-01-28T15:44:19.000</LastSaleDateTime>
      <ItemType>1</ItemType>
      <ItemName>אורביטול משחת שיניים</ItemName>
      <ManufactureName>לא ידוע</ManufactureName>
      <ManufactureCountry>לא ידוע</ManufactureCountry>
      <ManufactureItemDescription>אורביטול משחת שיניים</ManufactureItemDescription>
      <UnitQty>גרם</UnitQty>
      <Quantity>145.00</Quantity>
      <UnitOfMeasure>100 גרם</UnitOfMeasure>
      <bIsWeighted>0</bIsWeighted>
      <QtyInPackage>לא ידוע</QtyInPackage>
      <ItemPrice>12.90</ItemPrice>
      <UnitOfMeasurePrice>8.90</UnitOfMeasurePrice>
      <AllowDiscount>1</AllowDiscount>
      <ItemStatus/>
    </Item>
    <Item>
      <PriceUpdateTime>2025-04-27T08:19:06.000</PriceUpdateTime>
      <ItemCode>7290008443630</ItemCode>
      <LastSaleDateTime>2026-01-29T09:56:12.000</LastSaleDateTime>
      <ItemType>1</ItemType>
      <ItemName>שמפו לשיער מתולתל נק</ItemName>
      <ManufactureName>נקה 7</ManufactureName>
      <ManufactureCountry>לא ידוע</ManufactureCountry>
      <ManufactureItemDescription>שמפו לשיער מתולתל נק</ManufactureItemDescription>
      <UnitQty>לא ידוע</UnitQty>
      <Quantity>750.00</Quantity>
      <UnitOfMeasure>100 מ"ל</UnitOfMeasure>
      <bIsWeighted>0</bIsWeighted>
      <QtyInPackage>לא ידוע</QtyInPackage>
      <ItemPrice>9.90</ItemPrice>
      <UnitOfMeasurePrice>0.01</UnitOfMeasurePrice>
      <AllowDiscount>1</AllowDiscount>
      <ItemStatus/>
    </Item>
    <Item>
      <PriceUpdateTime>2025-04-27T08:19:06.000</PriceUpdateTime>
      <ItemCode>7290104963216</ItemCode>
      <LastSaleDateTime>2026-01-29T10:47:43.000</LastSaleDateTime>
      <ItemType>1</ItemType>
      <ItemName>סופטקר אלסבון עדין ל</ItemName>
      <ManufactureName>סנו</ManufactureName>
      <ManufactureCountry>ישראל</ManufactureCountry>
      <ManufactureItemDescription>סופטקר אלסבון עדין ל</ManufactureItemDescription>
      <UnitQty>ליטר</UnitQty>
      <Quantity>1.00</Quantity>
      <UnitOfMeasure>ליטר    </UnitOfMeasure>
      <bIsWeighted>0</bIsWeighted>
      <QtyInPackage>לא ידוע</QtyInPackage>
      <ItemPrice>15.90</ItemPrice>
      <UnitOfMeasurePrice>15.90</UnitOfMeasurePrice>
      <AllowDiscount>1</AllowDiscount>
      <ItemStatus/>
    </Item>
    <Item>
      <PriceUpdateTime>2025-04-28T08:17:41.000</PriceUpdateTime>
      <ItemCode>7290108275568</ItemCode>
      <LastSaleDateTime>2026-01-29T20:31:33.000</LastSaleDateTime>
      <ItemType>1</ItemType>
      <ItemName>כפית לבן 100 יחידות</ItemName>
      <ManufactureName>לא ידוע</ManufactureName>
      <ManufactureCountry>לא ידוע</ManufactureCountry>
      <ManufactureItemDescription>כפית לבן 100 יחידות</ManufactureItemDescription>
      <UnitQty>לא ידוע</UnitQty>
      <Quantity>1.00</Quantity>
      <UnitOfMeasure>יח'</UnitOfMeasure>
      <bIsWeighted>0</bIsWeighted>
      <QtyInPackage>לא ידוע</QtyInPackage>
      <ItemPrice>6.90</ItemPrice>
      <UnitOfMeasurePrice>6.90</UnitOfMeasurePrice>
      <AllowDiscount>1</AllowDiscount>
      <ItemStatus/>
    </Item>
    <Item>
      <PriceUpdateTime>2025-04-29T12:29:16.000</PriceUpdateTime>
      <ItemCode>4009900552165</ItemCode>
      <LastSaleDateTime>2026-01-28T21:59:38.000</LastSaleDateTime>
      <ItemType>1</ItemType>
      <ItemName>מסטיק אורביט רפרשרס</ItemName>
      <ManufactureName>לא ידוע</ManufactureName>
      <ManufactureCountry>לא ידוע</ManufactureCountry>
      <ManufactureItemDescription>מסטיק אורביט רפרשרס</ManufactureItemDescription>
      <UnitQty>לא ידוע</UnitQty>
      <Quantity>1.00</Quantity>
      <UnitOfMeasure>יח'</UnitOfMeasure>
      <bIsWeighted>0</bIsWeighted>
      <QtyInPackage>לא ידוע</QtyInPackage>
      <ItemPrice>12.10</ItemPrice>
      <UnitOfMeasurePrice>12.10</UnitOfMeasurePrice>
      <AllowDiscount>1</AllowDiscount>
      <ItemStatus/>
    </Item>
    <Item>
      <PriceUpdateTime>2025-05-04T08:20:25.000</PriceUpdateTime>
      <ItemCode>5206759021104</ItemCode>
      <LastSaleDateTime>2026-01-29T21:03:42.000</LastSaleDateTime>
      <ItemType>1</ItemType>
      <ItemName>סוכריות גלי אקזוטי 1</ItemName>
      <ManufactureName>לא ידוע</ManufactureName>
      <ManufactureCountry>לא ידוע</ManufactureCountry>
      <ManufactureItemDescription>סוכריות גלי אקזוטי 1</ManufactureItemDescription>
      <UnitQty>לא ידוע</UnitQty>
      <Quantity>1.00</Quantity>
      <UnitOfMeasure>יח'</UnitOfMeasure>
      <bIsWeighted>0</bIsWeighted>
      <QtyInPackage>לא ידוע</QtyInPackage>
      <ItemPrice>27.90</ItemPrice>
      <UnitOfMeasurePrice>27.90</UnitOfMeasurePrice>
      <AllowDiscount>1</AllowDiscount>
      <ItemStatus/>
    </Item>
    <Item>
      <PriceUpdateTime>2025-05-04T08:21:05.000</PriceUpdateTime>
      <ItemCode>7290022005210</ItemCode>
      <LastSaleDateTime>2026-01-28T17:17:47.000</LastSaleDateTime>
      <ItemType>1</ItemType>
      <ItemName>כמון רמי לוי 100 גרם</ItemName>
      <ManufactureName>רמי לוי</ManufactureName>
      <ManufactureCountry>ישראל</ManufactureCountry>
      <ManufactureItemDescription>כמון רמי לוי 100 גרם</ManufactureItemDescription>
      <UnitQty>גרם</UnitQty>
      <Quantity>100.00</Quantity>
      <UnitOfMeasure>100 גרם</UnitOfMeasure>
      <bIsWeighted>0</bIsWeighted>
      <QtyInPackage>לא ידוע</QtyInPackage>
      <ItemPrice>9.80</ItemPrice>
      <UnitOfMeasurePrice>9.80</UnitOfMeasurePrice>
      <AllowDiscount>1</AllowDiscount>
      <ItemStatus/>
    </Item>
    <Item>
      <PriceUpdateTime>2025-05-04T13:56:10.000</PriceUpdateTime>
      <ItemCode>7622300503079</ItemCode>
      <LastSaleDateTime>2026-01-29T18:07:59.000</LastSaleDateTime>
      <ItemType>1</ItemType>
      <ItemName>עוגיות מילקה ChocoMo</ItemName>
      <ManufactureName>מילקה</ManufactureName>
      <ManufactureCountry>פולין</ManufactureCountry>
      <ManufactureItemDescription>מילקה מוו 200 גרם</ManufactureItemDescription>
      <UnitQty>גרם</UnitQty>
      <Quantity>200.00</Quantity>
      <UnitOfMeasure>100 גרם</UnitOfMeasure>
      <bIsWeighted>0</bIsWeighted>
      <QtyInPackage>לא ידוע</QtyInPackage>
      <ItemPrice>16.90</ItemPrice>
      <UnitOfMeasurePrice>8.45</UnitOfMeasurePrice>
      <AllowDiscount>1</AllowDiscount>
      <ItemStatus/>
    </Item>
    <Item>
      <PriceUpdateTime>2025-05-11T12:32:20.000</PriceUpdateTime>
      <ItemCode>4022025001790</ItemCode>
      <LastSaleDateTime>2026-01-12T12:34:39.000</LastSaleDateTime>
      <ItemType>1</ItemType>
      <ItemName>בלו נאן מבעבע גולד 7</ItemName>
      <ManufactureName>לא ידוע</ManufactureName>
      <ManufactureCountry>לא ידוע</ManufactureCountry>
      <ManufactureItemDescription>בלו נאן מבעבע גולד 7</ManufactureItemDescription>
      <UnitQty>מטרים</UnitQty>
      <Quantity>750.00</Quantity>
      <UnitOfMeasure>100 מ'ל</UnitOfMeasure>
      <bIsWeighted>0</bIsWeighted>
      <QtyInPackage>לא ידוע</QtyInPackage>
      <ItemPrice>49.90</ItemPrice>
      <UnitOfMeasurePrice>0.07</UnitOfMeasurePrice>
      <AllowDiscount>1</AllowDiscount>
      <ItemStatus/>
    </Item>
    <Item>
      <PriceUpdateTime>2025-05-11T12:32:21.000</PriceUpdateTime>
      <ItemCode>7290000262161</ItemCode>
      <LastSaleDateTime>2026-01-29T17:23:44.000</LastSaleDateTime>
      <ItemType>1</ItemType>
      <ItemName>נייר טואלט מולט 40 ל</ItemName>
      <ManufactureName>מולט</ManufactureName>
      <ManufactureCountry>לא ידוע</ManufactureCountry>
      <ManufactureItemDescription>נייר טואלט מולט 40 ל</ManufactureItemDescription>
      <UnitQty>לא ידוע</UnitQty>
      <Quantity>660.00</Quantity>
      <UnitOfMeasure>מטר</UnitOfMeasure>
      <bIsWeighted>0</bIsWeighted>
      <QtyInPackage>לא ידוע</QtyInPackage>
      <ItemPrice>34.50</ItemPrice>
      <UnitOfMeasurePrice>0.05</UnitOfMeasurePrice>
      <AllowDiscount>1</AllowDiscount>
      <ItemStatus/>
    </Item>
    <Item>
      <PriceUpdateTime>2025-05-11T12:32:23.000</PriceUpdateTime>
      <ItemCode>7290001567708</ItemCode>
      <LastSaleDateTime>2026-01-22T12:55:18.000</LastSaleDateTime>
      <ItemType>1</ItemType>
      <ItemName>נקנקיות עוף 400 גרם</ItemName>
      <ManufactureName>מעדני  יחיעם</ManufactureName>
      <ManufactureCountry>לא ידוע</ManufactureCountry>
      <ManufactureItemDescription>נקנקיות עוף 400 גרם</ManufactureItemDescription>
      <UnitQty>גרם</UnitQty>
      <Quantity>400.00</Quantity>
      <UnitOfMeasure>100 גרם</UnitOfMeasure>
      <bIsWeighted>0</bIsWeighted>
      <QtyInPackage>לא ידוע</QtyInPackage>
      <ItemPrice>14.90</ItemPrice>
      <UnitOfMeasurePrice>3.73</UnitOfMeasurePrice>
      <AllowDiscount>1</AllowDiscount>
      <ItemStatus/>
    </Item>
    <Item>
      <PriceUpdateTime>2025-05-11T12:32:23.000</PriceUpdateTime>
      <ItemCode>7290001713150</ItemCode>
      <LastSaleDateTime>2026-01-29T18:24:04.000</LastSaleDateTime>
      <ItemType>1</ItemType>
      <ItemName>סנט מוריץ אקונומיקה</ItemName>
      <ManufactureName>לא ידוע</ManufactureName>
      <ManufactureCountry>לא ידוע</ManufactureCountry>
      <ManufactureItemDescription>סנט מוריץ אקונומיקה</ManufactureItemDescription>
      <UnitQty>ליטר</UnitQty>
      <Quantity>1.00</Quantity>
      <UnitOfMeasure>ליטר    </UnitOfMeasure>
      <bIsWeighted>0</bIsWeighted>
      <QtyInPackage>לא ידוע</QtyInPackage>
      <ItemPrice>9.90</ItemPrice>
      <UnitOfMeasurePrice>9.90</UnitOfMeasurePrice>
      <AllowDiscount>1</AllowDiscount>
      <ItemStatus/>
    </Item>
    <Item>
      <PriceUpdateTime>2025-05-11T12:32:27.000</PriceUpdateTime>
      <ItemCode>7290005996207</ItemCode>
      <LastSaleDateTime>2026-01-22T20:15:48.000</LastSaleDateTime>
      <ItemType>1</ItemType>
      <ItemName>נקניקיות קולקשן אמרי</ItemName>
      <ManufactureName>לא ידוע</ManufactureName>
      <ManufactureCountry>לא ידוע</ManufactureCountry>
      <ManufactureItemDescription>נקניקיות קולקשן אמרי</ManufactureItemDescription>
      <UnitQty>גרם</UnitQty>
      <Quantity>250.00</Quantity>
      <UnitOfMeasure>100 גרם</UnitOfMeasure>
      <bIsWeighted>0</bIsWeighted>
      <QtyInPackage>לא ידוע</QtyInPackage>
      <ItemPrice>28.90</ItemPrice>
      <UnitOfMeasurePrice>11.56</UnitOfMeasurePrice>
      <AllowDiscount>1</AllowDiscount>
      <ItemStatus/>
    </Item>
    <Item>
      <PriceUpdateTime>2025-05-11T12:32:33.000</PriceUpdateTime>
      <ItemCode>7290018566008</ItemCode>
      <LastSaleDateTime>2026-01-22T18:51:43.000</LastSaleDateTime>
      <ItemType>1</ItemType>
      <ItemName>אגוזי *מלך קלופים 25</ItemName>
      <ManufactureName>לא ידוע</ManufactureName>
      <ManufactureCountry>לא ידוע</ManufactureCountry>
      <ManufactureItemDescription>אגוזי *מלך קלופים 25</ManufactureItemDescription>
      <UnitQty>גרם</UnitQty>
      <Quantity>250.00</Quantity>
      <UnitOfMeasure>100 גרם</UnitOfMeasure>
      <bIsWeighted>0</bIsWeighted>
      <QtyInPackage>לא ידוע</QtyInPackage>
      <ItemPrice>20.20</ItemPrice>
      <UnitOfMeasurePrice>8.08</UnitOfMeasurePrice>
      <AllowDiscount>1</AllowDiscount>
      <ItemStatus/>
    </Item>
    <Item>
      <PriceUpdateTime>2025-05-11T12:32:34.000</PriceUpdateTime>
      <ItemCode>7290019229988</ItemCode>
      <LastSaleDateTime>2026-01-22T10:21:09.000</LastSaleDateTime>
      <ItemType>1</ItemType>
      <ItemName>טופ אבקת כביסה 2.5 ק</ItemName>
      <ManufactureName>לא ידוע</ManufactureName>
      <ManufactureCountry>לא ידוע</ManufactureCountry>
      <ManufactureItemDescription>טופ אבקת כביסה 2.5 ק</ManufactureItemDescription>
      <UnitQty>קילוגרמים</UnitQty>
      <Quantity>2.50</Quantity>
      <UnitOfMeasure>100 ק"ג</UnitOfMeasure>
      <bIsWeighted>0</bIsWeighted>
      <QtyInPackage>לא ידוע</QtyInPackage>
      <ItemPrice>14.90</ItemPrice>
      <UnitOfMeasurePrice>5.96</UnitOfMeasurePrice>
      <AllowDiscount>1</AllowDiscount>
      <ItemStatus/>
    </Item>
    <Item>
      <PriceUpdateTime>2025-05-11T12:32:36.000</PriceUpdateTime>
      <ItemCode>7290105364678</ItemCode>
      <LastSaleDateTime>2026-01-22T16:21:31.000</LastSaleDateTime>
      <ItemType>1</ItemType>
      <ItemName>אקטיביה משקה יוגורט</ItemName>
      <ManufactureName>שטראוס</ManufactureName>
      <ManufactureCountry>לא ידוע</ManufactureCountry>
      <ManufactureItemDescription>אקטיביה משקה יוגורט</ManufactureItemDescription>
      <UnitQty>לא ידוע</UnitQty>
      <Quantity>250.00</Quantity>
      <UnitOfMeasure>100 מ"ל</UnitOfMeasure>
      <bIsWeighted>0</bIsWeighted>
      <QtyInPackage>לא ידוע</QtyInPackage>
      <ItemPrice>5.30</ItemPrice>
      <UnitOfMeasurePrice>0.02</UnitOfMeasurePrice>
      <AllowDiscount>1</AllowDiscount>
      <ItemStatus/>
    </Item>
    <Item>
      <PriceUpdateTime>2025-05-11T12:32:40.000</PriceUpdateTime>
      <ItemCode>7290108354652</ItemCode>
      <LastSaleDateTime>2026-01-29T19:33:33.000</LastSaleDateTime>
      <ItemType>1</ItemType>
      <ItemName>שמפו שטיחים סנו פלוס</ItemName>
      <ManufactureName>לא ידוע</ManufactureName>
      <ManufactureCountry>לא ידוע</ManufactureCountry>
      <ManufactureItemDescription>שמפו שטיחים סנו פלוס</ManufactureItemDescription>
      <UnitQty>לא ידוע</UnitQty>
      <Quantity>600.00</Quantity>
      <UnitOfMeasure>100 מ"ל</UnitOfMeasure>
      <bIsWeighted>0</bIsWeighted>
      <QtyInPackage>לא ידוע</QtyInPackage>
      <ItemPrice>23.90</ItemPrice>
      <UnitOfMeasurePrice>0.04</UnitOfMeasurePrice>
      <AllowDiscount>1</AllowDiscount>
      <ItemStatus/>
    </Item>
    <Item>
      <PriceUpdateTime>2025-05-11T12:32:41.000</PriceUpdateTime>
      <ItemCode>7290108357196</ItemCode>
      <LastSaleDateTime>2026-01-29T13:01:51.000</LastSaleDateTime>
      <ItemType>1</ItemType>
      <ItemName>מתז לניקוי כללי ג'ט+</ItemName>
      <ManufactureName>לא ידוע</ManufactureName>
      <ManufactureCountry>לא ידוע</ManufactureCountry>
      <ManufactureItemDescription>מתז לניקוי כללי ג'ט+</ManufactureItemDescription>
      <UnitQty>לא ידוע</UnitQty>
      <Quantity>750.00</Quantity>
      <UnitOfMeasure>100 מ"ל</UnitOfMeasure>
      <bIsWeighted>0</bIsWeighted>
      <QtyInPackage>לא ידוע</QtyInPackage>
      <ItemPrice>11.90</ItemPrice>
      <UnitOfMeasurePrice>0.02</UnitOfMeasurePrice>
      <AllowDiscount>1</AllowDiscount>
      <ItemStatus/>
    </Item>
    <Item>
      <PriceUpdateTime>2025-05-11T12:32:42.000</PriceUpdateTime>
      <ItemCode>7290110563448</ItemCode>
      <LastSaleDateTime>2026-01-29T14:08:48.000</LastSaleDateTime>
      <ItemType>1</ItemType>
      <ItemName>משקה קפה קר מעודן 1.</ItemName>
      <ManufactureName>לא ידוע</ManufactureName>
      <ManufactureCountry>לא ידוע</ManufactureCountry>
      <ManufactureItemDescription>משקה קפה קר מעודן 1.</ManufactureItemDescription>
      <UnitQty>גרם</UnitQty>
      <Quantity>230.00</Quantity>
      <UnitOfMeasure>100 גרם</UnitOfMeasure>
      <bIsWeighted>0</bIsWeighted>
      <QtyInPackage>לא ידוע</QtyInPackage>
      <ItemPrice>7.90</ItemPrice>
      <UnitOfMeasurePrice>3.43</UnitOfMeasurePrice>
      <AllowDiscount>1</AllowDiscount>
      <ItemStatus/>
    </Item>
    <Item>
      <PriceUpdateTime>2025-05-11T12:32:43.000</PriceUpdateTime>
      <ItemCode>7290112199966</ItemCode>
      <LastSaleDateTime>2026-01-29T19:49:26.000</LastSaleDateTime>
      <ItemType>1</ItemType>
      <ItemName>גרנולה קוקוס ושוקולד</ItemName>
      <ManufactureName>לא ידוע</ManufactureName>
      <ManufactureCountry>לא ידוע</ManufactureCountry>
      <ManufactureItemDescription>גרנולה קוקוס ושוקולד</ManufactureItemDescription>
      <UnitQty>גרם</UnitQty>
      <Quantity>300.00</Quantity>
      <UnitOfMeasure>100 גרם</UnitOfMeasure>
      <bIsWeighted>0</bIsWeighted>
      <QtyInPackage>לא ידוע</QtyInPackage>
      <ItemPrice>19.90</ItemPrice>
      <UnitOfMeasurePrice>6.63</UnitOfMeasurePrice>
      <AllowDiscount>1</AllowDiscount>
      <ItemStatus/>
    </Item>
    <Item>
      <PriceUpdateTime>2025-05-11T12:32:48.000</PriceUpdateTime>
      <ItemCode>8076809583848</ItemCode>
      <LastSaleDateTime>2026-01-28T20:01:46.000</LastSaleDateTime>
      <ItemType>1</ItemType>
      <ItemName>פסטה ברילה טריגאטלי</ItemName>
      <ManufactureName>לא ידוע</ManufactureName>
      <ManufactureCountry>לא ידוע</ManufactureCountry>
      <ManufactureItemDescription>פסטה ברילה טריגאטלי</ManufactureItemDescription>
      <UnitQty>גרם</UnitQty>
      <Quantity>450.00</Quantity>
      <UnitOfMeasure>100 גרם</UnitOfMeasure>
      <bIsWeighted>0</bIsWeighted>
      <QtyInPackage>לא ידוע</QtyInPackage>
      <ItemPrice>14.80</ItemPrice>
      <UnitOfMeasurePrice>3.29</UnitOfMeasurePrice>
      <AllowDiscount>1</AllowDiscount>
      <ItemStatus/>
    </Item>
    <Item>
      <PriceUpdateTime>2025-05-11T12:32:50.000</PriceUpdateTime>
      <ItemCode>8718951470323</ItemCode>
      <LastSaleDateTime>2026-01-29T20:29:03.000</LastSaleDateTime>
      <ItemType>1</ItemType>
      <ItemName>קולגייט מברשת סופט פ</ItemName>
      <ManufactureName>לא ידוע</ManufactureName>
      <ManufactureCountry>לא ידוע</ManufactureCountry>
      <ManufactureItemDescription>קולגייט מברשת סופט פ</ManufactureItemDescription>
      <UnitQty>לא ידוע</UnitQty>
      <Quantity>2.00</Quantity>
      <UnitOfMeasure>יח'</UnitOfMeasure>
      <bIsWeighted>0</bIsWeighted>
      <QtyInPackage>לא ידוע</QtyInPackage>
      <ItemPrice>29.90</ItemPrice>
      <UnitOfMeasurePrice>14.95</UnitOfMeasurePrice>
      <AllowDiscount>1</AllowDiscount>
      <ItemStatus/>
    </Item>
    <Item>
      <PriceUpdateTime>2025-05-11T12:32:50.000</PriceUpdateTime>
      <ItemCode>8718951471061</ItemCode>
      <LastSaleDateTime>2026-01-22T18:10:06.000</LastSaleDateTime>
      <ItemType>1</ItemType>
      <ItemName>דאודורנט ספריי בניחו</ItemName>
      <ManufactureName>לא ידוע</ManufactureName>
      <ManufactureCountry>לא ידוע</ManufactureCountry>
      <ManufactureItemDescription>דאודורנט ספריי בניחו</ManufactureItemDescription>
      <UnitQty>לא ידוע</UnitQty>
      <Quantity>150.00</Quantity>
      <UnitOfMeasure>100 מ"ל</UnitOfMeasure>
      <bIsWeighted>0</bIsWeighted>
      <QtyInPackage>לא ידוע</QtyInPackage>
      <ItemPrice>19.90</ItemPrice>
      <UnitOfMeasurePrice>0.13</UnitOfMeasurePrice>
      <AllowDiscount>1</AllowDiscount>
      <ItemStatus/>
    </Item>
    <Item>
      <PriceUpdateTime>2025-05-12T15:56:11.000</PriceUpdateTime>
      <ItemCode>7290015350242</ItemCode>
      <LastSaleDateTime>2015-01-01T00:00:00.000</LastSaleDateTime>
      <ItemType>1</ItemType>
      <ItemName>ברנדי שטוק 84 דבש 75</ItemName>
      <ManufactureName>לא ידוע</ManufactureName>
      <ManufactureCountry>לא ידוע</ManufactureCountry>
      <ManufactureItemDescription>ברנדי שטוק 84 דבש 75</ManufactureItemDescription>
      <UnitQty>לא ידוע</UnitQty>
      <Quantity>750.00</Quantity>
      <UnitOfMeasure>100 מ"ל</UnitOfMeasure>
      <bIsWeighted>0</bIsWeighted>
      <QtyInPackage>לא ידוע</QtyInPackage>
      <ItemPrice>77.60</ItemPrice>
      <UnitOfMeasurePrice>0.10</UnitOfMeasurePrice>
      <AllowDiscount>1</AllowDiscount>
      <ItemStatus>2</ItemStatus>
    </Item>
    <Item>
      <PriceUpdateTime>2025-05-12T15:56:11.000</PriceUpdateTime>
      <ItemCode>7290015350242</ItemCode>
      <LastSaleDateTime>2015-01-01T00:00:00.000</LastSaleDateTime>
      <ItemType>1</ItemType>
      <ItemName>ברנדי שטוק 84 דבש 75</ItemName>
      <ManufactureName>לא ידוע</ManufactureName>
      <ManufactureCountry>לא ידוע</ManufactureCountry>
      <ManufactureItemDescription>ברנדי שטוק 84 דבש 75</ManufactureItemDescription>
      <UnitQty>לא ידוע</UnitQty>
      <Quantity>750.00</Quantity>
      <UnitOfMeasure>100 מ"ל</UnitOfMeasure>
      <bIsWeighted>0</bIsWeighted>
      <QtyInPackage>לא ידוע</QtyInPackage>
      <ItemPrice>77.60</ItemPrice>
      <UnitOfMeasurePrice>0.10</UnitOfMeasurePrice>
      <AllowDiscount>1</AllowDiscount>
      <ItemStatus/>
    </Item>
    <Item>
      <PriceUpdateTime>2025-05-13T14:43:28.000</PriceUpdateTime>
      <ItemCode>7290002753223</ItemCode>
      <LastSaleDateTime>2026-01-29T18:30:43.000</LastSaleDateTime>
      <ItemType>1</ItemType>
      <ItemName>טיק טק תפוז רביעייה</ItemName>
      <ManufactureName>טיק טק</ManufactureName>
      <ManufactureCountry>לא ידוע</ManufactureCountry>
      <ManufactureItemDescription>טיק טק תפוז רביעייה</ManufactureItemDescription>
      <UnitQty>גרם</UnitQty>
      <Quantity>64.00</Quantity>
      <UnitOfMeasure>100 גרם</UnitOfMeasure>
      <bIsWeighted>0</bIsWeighted>
      <QtyInPackage>לא ידוע</QtyInPackage>
      <ItemPrice>12.70</ItemPrice>
      <UnitOfMeasurePrice>19.84</UnitOfMeasurePrice>
      <AllowDiscount>1</AllowDiscount>
      <ItemStatus/>
    </Item>
    <Item>
      <PriceUpdateTime>2025-05-13T14:43:28.000</PriceUpdateTime>
      <ItemCode>80771418</ItemCode>
      <LastSaleDateTime>2026-01-29T14:41:42.000</LastSaleDateTime>
      <ItemType>1</ItemType>
      <ItemName>טיק טק בטעם מנדרינה</ItemName>
      <ManufactureName>לא ידוע</ManufactureName>
      <ManufactureCountry>לא ידוע</ManufactureCountry>
      <ManufactureItemDescription>טיק טק בטעם מנדרינה</ManufactureItemDescription>
      <UnitQty>גרם</UnitQty>
      <Quantity>16.00</Quantity>
      <UnitOfMeasure>100 גרם</UnitOfMeasure>
      <bIsWeighted>0</bIsWeighted>
      <QtyInPackage>לא ידוע</QtyInPackage>
      <ItemPrice>3.80</ItemPrice>
      <UnitOfMeasurePrice>23.75</UnitOfMeasurePrice>
      <AllowDiscount>1</AllowDiscount>
      <ItemStatus/>
    </Item>
    <Item>
      <PriceUpdateTime>2025-05-18T12:57:31.000</PriceUpdateTime>
      <ItemCode>3574669908665</ItemCode>
      <LastSaleDateTime>2026-01-22T11:41:31.000</LastSaleDateTime>
      <ItemType>1</ItemType>
      <ItemName>גונסון בייבי אלסבון</ItemName>
      <ManufactureName>לא ידוע</ManufactureName>
      <ManufactureCountry>לא ידוע</ManufactureCountry>
      <ManufactureItemDescription>גונסון בייבי אלסבון</ManufactureItemDescription>
      <UnitQty>לא ידוע</UnitQty>
      <Quantity>750.00</Quantity>
      <UnitOfMeasure>100 מ"ל</UnitOfMeasure>
      <bIsWeighted>0</bIsWeighted>
      <QtyInPackage>לא ידוע</QtyInPackage>
      <ItemPrice>19.90</ItemPrice>
      <UnitOfMeasurePrice>0.03</UnitOfMeasurePrice>
      <AllowDiscount>1</AllowDiscount>
      <ItemStatus/>
    </Item>
    <Item>
      <PriceUpdateTime>2025-05-18T13:33:24.000</PriceUpdateTime>
      <ItemCode>8717163647264</ItemCode>
      <LastSaleDateTime>2026-01-29T14:56:42.000</LastSaleDateTime>
      <ItemType>1</ItemType>
      <ItemName>אקס דאו ספריי *לגבר</ItemName>
      <ManufactureName>לא ידוע</ManufactureName>
      <ManufactureCountry>לא ידוע</ManufactureCountry>
      <ManufactureItemDescription>אקס דאו ספריי *לגבר</ManufactureItemDescription>
      <UnitQty>לא ידוע</UnitQty>
      <Quantity>150.00</Quantity>
      <UnitOfMeasure>100 מ"ל</UnitOfMeasure>
      <bIsWeighted>0</bIsWeighted>
      <QtyInPackage>לא ידוע</QtyInPackage>
      <ItemPrice>14.90</ItemPrice>
      <UnitOfMeasurePrice>0.10</UnitOfMeasurePrice>
      <AllowDiscount>1</AllowDiscount>
      <ItemStatus/>
    </Item>
    <Item>
      <PriceUpdateTime>2025-05-21T12:39:53.000</PriceUpdateTime>
      <ItemCode>7290020174413</ItemCode>
      <LastSaleDateTime>2026-01-29T12:43:07.000</LastSaleDateTime>
      <ItemType>1</ItemType>
      <ItemName>לקט לאליק טעם הטבע</ItemName>
      <ManufactureName>לא ידוע</ManufactureName>
      <ManufactureCountry>לא ידוע</ManufactureCountry>
      <ManufactureItemDescription>לקט לאליק טעם הטבע</ManufactureItemDescription>
      <UnitQty>גרם</UnitQty>
      <Quantity>200.00</Quantity>
      <UnitOfMeasure>100 גרם</UnitOfMeasure>
      <bIsWeighted>0</bIsWeighted>
      <QtyInPackage>לא ידוע</QtyInPackage>
      <ItemPrice>13.90</ItemPrice>
      <UnitOfMeasurePrice>6.95</UnitOfMeasurePrice>
      <AllowDiscount>1</AllowDiscount>
      <ItemStatus/>
    </Item>
    <Item>
      <PriceUpdateTime>2025-05-21T14:11:14.000</PriceUpdateTime>
      <ItemCode>7290108358407</ItemCode>
      <LastSaleDateTime>2026-01-29T17:52:43.000</LastSaleDateTime>
      <ItemType>1</ItemType>
      <ItemName>מקסימה מרכך כביסה בי</ItemName>
      <ManufactureName>לא ידוע</ManufactureName>
      <ManufactureCountry>לא ידוע</ManufactureCountry>
      <ManufactureItemDescription>מקסימה מרכך כביסה בי</ManufactureItemDescription>
      <UnitQty>ליטר</UnitQty>
      <Quantity>4.00</Quantity>
      <UnitOfMeasure>ליטר    </UnitOfMeasure>
      <bIsWeighted>0</bIsWeighted>
      <QtyInPackage>לא ידוע</QtyInPackage>
      <ItemPrice>19.90</ItemPrice>
      <UnitOfMeasurePrice>4.97</UnitOfMeasurePrice>
      <AllowDiscount>1</AllowDiscount>
      <ItemStatus/>
    </Item>
    <Item>
      <PriceUpdateTime>2025-05-25T08:43:24.000</PriceUpdateTime>
      <ItemCode>7290110115111</ItemCode>
      <LastSaleDateTime>2026-01-29T19:33:36.000</LastSaleDateTime>
      <ItemType>1</ItemType>
      <ItemName>פריגת צלול אננס 1.5</ItemName>
      <ManufactureName>לא ידוע</ManufactureName>
      <ManufactureCountry>לא ידוע</ManufactureCountry>
      <ManufactureItemDescription>פריגת צלול אננס 1.5</ManufactureItemDescription>
      <UnitQty>ליטר</UnitQty>
      <Quantity>1.50</Quantity>
      <UnitOfMeasure>ליטר    </UnitOfMeasure>
      <bIsWeighted>0</bIsWeighted>
      <QtyInPackage>לא ידוע</QtyInPackage>
      <ItemPrice>8.20</ItemPrice>
      <UnitOfMeasurePrice>5.47</UnitOfMeasurePrice>
      <AllowDiscount>1</AllowDiscount>
      <ItemStatus/>
    </Item>
    <Item>
      <PriceUpdateTime>2025-05-25T11:05:42.000</PriceUpdateTime>
      <ItemCode>7290010002061</ItemCode>
      <LastSaleDateTime>2026-01-22T16:47:03.000</LastSaleDateTime>
      <ItemType>1</ItemType>
      <ItemName>תבלין פלפל לבן טחון</ItemName>
      <ManufactureName>תבליני מימון</ManufactureName>
      <ManufactureCountry>ישראל</ManufactureCountry>
      <ManufactureItemDescription>פלפל לבן טחון 100 גרם</ManufactureItemDescription>
      <UnitQty>גרם</UnitQty>
      <Quantity>100.00</Quantity>
      <UnitOfMeasure>100 גרם</UnitOfMeasure>
      <bIsWeighted>0</bIsWeighted>
      <QtyInPackage>לא ידוע</QtyInPackage>
      <ItemPrice>17.70</ItemPrice>
      <UnitOfMeasurePrice>17.70</UnitOfMeasurePrice>
      <AllowDiscount>1</AllowDiscount>
      <ItemStatus/>
    </Item>
    <Item>
      <PriceUpdateTime>2025-05-25T11:05:42.000</PriceUpdateTime>
      <ItemCode>7290010002405</ItemCode>
      <LastSaleDateTime>2026-01-22T10:14:53.000</LastSaleDateTime>
      <ItemType>1</ItemType>
      <ItemName>תבלין טימין הררי תבל</ItemName>
      <ManufactureName>תבליני מימון</ManufactureName>
      <ManufactureCountry>ישראל</ManufactureCountry>
      <ManufactureItemDescription>טימין הררי 40 גרם</ManufactureItemDescription>
      <UnitQty>גרם</UnitQty>
      <Quantity>40.00</Quantity>
      <UnitOfMeasure>100 גרם</UnitOfMeasure>
      <bIsWeighted>0</bIsWeighted>
      <QtyInPackage>לא ידוע</QtyInPackage>
      <ItemPrice>10.60</ItemPrice>
      <UnitOfMeasurePrice>26.50</UnitOfMeasurePrice>
      <AllowDiscount>1</AllowDiscount>
      <ItemStatus/>
    </Item>
    <Item>
      <PriceUpdateTime>2025-05-25T11:05:42.000</PriceUpdateTime>
      <ItemCode>7290010002597</ItemCode>
      <LastSaleDateTime>2026-01-29T13:09:57.000</LastSaleDateTime>
      <ItemType>1</ItemType>
      <ItemName>תבלין כוסברה ירוקה מ</ItemName>
      <ManufactureName>תבליני מימון</ManufactureName>
      <ManufactureCountry>ישראל</ManufactureCountry>
      <ManufactureItemDescription>כוסברה ירוקה 30 גרם</ManufactureItemDescription>
      <UnitQty>גרם</UnitQty>
      <Quantity>20.00</Quantity>
      <UnitOfMeasure>100 גרם</UnitOfMeasure>
      <bIsWeighted>0</bIsWeighted>
      <QtyInPackage>לא ידוע</QtyInPackage>
      <ItemPrice>10.60</ItemPrice>
      <UnitOfMeasurePrice>53.00</UnitOfMeasurePrice>
      <AllowDiscount>1</AllowDiscount>
      <ItemStatus/>
    </Item>
    <Item>
      <PriceUpdateTime>2025-05-25T11:05:42.000</PriceUpdateTime>
      <ItemCode>7290014673052</ItemCode>
      <LastSaleDateTime>2026-01-22T19:18:35.000</LastSaleDateTime>
      <ItemType>1</ItemType>
      <ItemName>תערובת תיבול לתפוחי</ItemName>
      <ManufactureName>לא ידוע</ManufactureName>
      <ManufactureCountry>לא ידוע</ManufactureCountry>
      <ManufactureItemDescription>תערובת תיבול לתפוחי</ManufactureItemDescription>
      <UnitQty>גרם</UnitQty>
      <Quantity>120.00</Quantity>
      <UnitOfMeasure>100 גרם</UnitOfMeasure>
      <bIsWeighted>0</bIsWeighted>
      <QtyInPackage>לא ידוע</QtyInPackage>
      <ItemPrice>12.20</ItemPrice>
      <UnitOfMeasurePrice>10.17</UnitOfMeasurePrice>
      <AllowDiscount>1</AllowDiscount>
      <ItemStatus/>
    </Item>
    <Item>
      <PriceUpdateTime>2025-05-25T11:06:29.000</PriceUpdateTime>
      <ItemCode>7290119860791</ItemCode>
      <LastSaleDateTime>2026-01-29T19:33:33.000</LastSaleDateTime>
      <ItemType>1</ItemType>
      <ItemName>וואווז חטיף אפונה יר</ItemName>
      <ManufactureName>לא ידוע</ManufactureName>
      <ManufactureCountry>לא ידוע</ManufactureCountry>
      <ManufactureItemDescription>וואווז חטיף אפונה יר</ManufactureItemDescription>
      <UnitQty>יחידות</UnitQty>
      <Quantity>0.00</Quantity>
      <UnitOfMeasure>יחידה   </UnitOfMeasure>
      <bIsWeighted>0</bIsWeighted>
      <QtyInPackage>לא ידוע</QtyInPackage>
      <ItemPrice>5.90</ItemPrice>
      <UnitOfMeasurePrice>0.00</UnitOfMeasurePrice>
      <AllowDiscount>1</AllowDiscount>
      <ItemStatus/>
    </Item>
    <Item>
      <PriceUpdateTime>2025-05-25T11:06:29.000</PriceUpdateTime>
      <ItemCode>7290119860814</ItemCode>
      <LastSaleDateTime>2026-01-29T19:33:33.000</LastSaleDateTime>
      <ItemType>1</ItemType>
      <ItemName>וואווז חטיף עדשים כת</ItemName>
      <ManufactureName>לא ידוע</ManufactureName>
      <ManufactureCountry>לא ידוע</ManufactureCountry>
      <ManufactureItemDescription>וואווז חטיף עדשים כת</ManufactureItemDescription>
      <UnitQty>יחידות</UnitQty>
      <Quantity>0.00</Quantity>
      <UnitOfMeasure>יחידה   </UnitOfMeasure>
      <bIsWeighted>0</bIsWeighted>
      <QtyInPackage>לא ידוע</QtyInPackage>
      <ItemPrice>5.90</ItemPrice>
      <UnitOfMeasurePrice>0.00</UnitOfMeasurePrice>
      <AllowDiscount>1</AllowDiscount>
      <ItemStatus/>
    </Item>
    <Item>
      <PriceUpdateTime>2025-05-25T13:31:51.000</PriceUpdateTime>
      <ItemCode>3161712996146</ItemCode>
      <LastSaleDateTime>2026-01-28T21:55:33.000</LastSaleDateTime>
      <ItemType>1</ItemType>
      <ItemName>גבינת מיני ברי איל ד</ItemName>
      <ManufactureName>לא ידוע</ManufactureName>
      <ManufactureCountry>לא ידוע</ManufactureCountry>
      <ManufactureItemDescription>גבינת מיני ברי איל ד</ManufactureItemDescription>
      <UnitQty>גרם</UnitQty>
      <Quantity>125.00</Quantity>
      <UnitOfMeasure>100 גרם</UnitOfMeasure>
      <bIsWeighted>0</bIsWeighted>
      <QtyInPackage>לא ידוע</QtyInPackage>
      <ItemPrice>24.90</ItemPrice>
      <UnitOfMeasurePrice>19.92</UnitOfMeasurePrice>
      <AllowDiscount>1</AllowDiscount>
      <ItemStatus/>
    </Item>
    <Item>
      <PriceUpdateTime>2025-05-25T13:34:43.000</PriceUpdateTime>
      <ItemCode>6111251460230</ItemCode>
      <LastSaleDateTime>2026-01-28T17:17:47.000</LastSaleDateTime>
      <ItemType>1</ItemType>
      <ItemName>קוסקוס מרוקאי קאינה</ItemName>
      <ManufactureName>לא ידוע</ManufactureName>
      <ManufactureCountry>לא ידוע</ManufactureCountry>
      <ManufactureItemDescription>קוסקוס מרוקאי קאינה</ManufactureItemDescription>
      <UnitQty>גרם</UnitQty>
      <Quantity>1000.00</Quantity>
      <UnitOfMeasure>100 גרם</UnitOfMeasure>
      <bIsWeighted>0</bIsWeighted>
      <QtyInPackage>לא ידוע</QtyInPackage>
      <ItemPrice>14.90</ItemPrice>
      <UnitOfMeasurePrice>1.49</UnitOfMeasurePrice>
      <AllowDiscount>1</AllowDiscount>
      <ItemStatus/>
    </Item>
    <Item>
      <PriceUpdateTime>2025-05-26T14:24:15.000</PriceUpdateTime>
      <ItemCode>7290000560540</ItemCode>
      <LastSaleDateTime>2026-01-29T17:59:50.000</LastSaleDateTime>
      <ItemType>1</ItemType>
      <ItemName>אדג' ג'ל גילוח כתום</ItemName>
      <ManufactureName>אדג'</ManufactureName>
      <ManufactureCountry>ארצות הברית</ManufactureCountry>
      <ManufactureItemDescription>אדג' ג'ל כתום לעור רגיש 1</ManufactureItemDescription>
      <UnitQty>גרם</UnitQty>
      <Quantity>198.00</Quantity>
      <UnitOfMeasure>100 גרם</UnitOfMeasure>
      <bIsWeighted>0</bIsWeighted>
      <QtyInPackage>לא ידוע</QtyInPackage>
      <ItemPrice>19.90</ItemPrice>
      <UnitOfMeasurePrice>10.05</UnitOfMeasurePrice>
      <AllowDiscount>1</AllowDiscount>
      <ItemStatus/>
    </Item>
    <Item>
      <PriceUpdateTime>2025-05-27T13:17:04.000</PriceUpdateTime>
      <ItemCode>7290003804252</ItemCode>
      <LastSaleDateTime>2026-01-28T19:50:27.000</LastSaleDateTime>
      <ItemType>1</ItemType>
      <ItemName>תיבולית הודי קנור 72</ItemName>
      <ManufactureName>קנור</ManufactureName>
      <ManufactureCountry>לא ידוע</ManufactureCountry>
      <ManufactureItemDescription>תיבולית הודי קנור 72</ManufactureItemDescription>
      <UnitQty>גרם</UnitQty>
      <Quantity>72.00</Quantity>
      <UnitOfMeasure>100 גרם</UnitOfMeasure>
      <bIsWeighted>0</bIsWeighted>
      <QtyInPackage>לא ידוע</QtyInPackage>
      <ItemPrice>10.50</ItemPrice>
      <UnitOfMeasurePrice>14.58</UnitOfMeasurePrice>
      <AllowDiscount>1</AllowDiscount>
      <ItemStatus/>
    </Item>
    <Item>
      <PriceUpdateTime>2025-05-27T13:17:04.000</PriceUpdateTime>
      <ItemCode>7290003804368</ItemCode>
      <LastSaleDateTime>2026-01-28T19:50:27.000</LastSaleDateTime>
      <ItemType>1</ItemType>
      <ItemName>תיבולית בזיליקום קנו</ItemName>
      <ManufactureName>קנור</ManufactureName>
      <ManufactureCountry>לא ידוע</ManufactureCountry>
      <ManufactureItemDescription>תיבולית בזיליקום קנו</ManufactureItemDescription>
      <UnitQty>גרם</UnitQty>
      <Quantity>72.00</Quantity>
      <UnitOfMeasure>100 גרם</UnitOfMeasure>
      <bIsWeighted>0</bIsWeighted>
      <QtyInPackage>לא ידוע</QtyInPackage>
      <ItemPrice>10.50</ItemPrice>
      <UnitOfMeasurePrice>14.58</UnitOfMeasurePrice>
      <AllowDiscount>1</AllowDiscount>
      <ItemStatus/>
    </Item>
    <Item>
      <PriceUpdateTime>2025-05-27T13:17:34.000</PriceUpdateTime>
      <ItemCode>7290000124841</ItemCode>
      <LastSaleDateTime>2026-01-22T17:20:12.000</LastSaleDateTime>
      <ItemType>1</ItemType>
      <ItemName>שוקולד חלב ורד הגליל</ItemName>
      <ManufactureName>ורד הגליל</ManufactureName>
      <ManufactureCountry>לא ידוע</ManufactureCountry>
      <ManufactureItemDescription>שוקולד חלב ורד הגליל</ManufactureItemDescription>
      <UnitQty>גרם</UnitQty>
      <Quantity>300.00</Quantity>
      <UnitOfMeasure>100 גרם</UnitOfMeasure>
      <bIsWeighted>0</bIsWeighted>
      <QtyInPackage>לא ידוע</QtyInPackage>
      <ItemPrice>17.90</ItemPrice>
      <UnitOfMeasurePrice>5.97</UnitOfMeasurePrice>
      <AllowDiscount>1</AllowDiscount>
      <ItemStatus/>
    </Item>
    <Item>
      <PriceUpdateTime>2025-05-27T13:18:31.000</PriceUpdateTime>
      <ItemCode>7290112492470</ItemCode>
      <LastSaleDateTime>2026-01-29T14:44:34.000</LastSaleDateTime>
      <ItemType>1</ItemType>
      <ItemName>פינוק 2-1 יבש 700 מ"</ItemName>
      <ManufactureName>לא ידוע</ManufactureName>
      <ManufactureCountry>לא ידוע</ManufactureCountry>
      <ManufactureItemDescription>פינוק 2-1 יבש 700 מ"</ManufactureItemDescription>
      <UnitQty>לא ידוע</UnitQty>
      <Quantity>1.00</Quantity>
      <UnitOfMeasure>יח'</UnitOfMeasure>
      <bIsWeighted>0</bIsWeighted>
      <QtyInPackage>לא ידוע</QtyInPackage>
      <ItemPrice>13.90</ItemPrice>
      <UnitOfMeasurePrice>13.90</UnitOfMeasurePrice>
      <AllowDiscount>1</AllowDiscount>
      <ItemStatus/>
    </Item>
    <Item>
      <PriceUpdateTime>2025-05-27T13:18:31.000</PriceUpdateTime>
      <ItemCode>7290112499448</ItemCode>
      <LastSaleDateTime>2026-01-22T14:51:48.000</LastSaleDateTime>
      <ItemType>1</ItemType>
      <ItemName>פינוק מרכך שמן מרוקא</ItemName>
      <ManufactureName>לא ידוע</ManufactureName>
      <ManufactureCountry>לא ידוע</ManufactureCountry>
      <ManufactureItemDescription>פינוק מרכך שמן מרוקא</ManufactureItemDescription>
      <UnitQty>לא ידוע</UnitQty>
      <Quantity>700.00</Quantity>
      <UnitOfMeasure>100 מ"ל</UnitOfMeasure>
      <bIsWeighted>0</bIsWeighted>
      <QtyInPackage>לא ידוע</QtyInPackage>
      <ItemPrice>13.90</ItemPrice>
      <UnitOfMeasurePrice>0.02</UnitOfMeasurePrice>
      <AllowDiscount>1</AllowDiscount>
      <ItemStatus/>
    </Item>
    <Item>
      <PriceUpdateTime>2025-05-27T14:47:54.000</PriceUpdateTime>
      <ItemCode>721733000739</ItemCode>
      <LastSaleDateTime>2026-01-21T17:47:15.000</LastSaleDateTime>
      <ItemType>1</ItemType>
      <ItemName>פטרון סילבר טקילה 70</ItemName>
      <ManufactureName>לא ידוע</ManufactureName>
      <ManufactureCountry>לא ידוע</ManufactureCountry>
      <ManufactureItemDescription>פטרון סילבר טקילה 70</ManufactureItemDescription>
      <UnitQty>לא ידוע</UnitQty>
      <Quantity>700.00</Quantity>
      <UnitOfMeasure>100 מ"ל</UnitOfMeasure>
      <bIsWeighted>0</bIsWeighted>
      <QtyInPackage>לא ידוע</QtyInPackage>
      <ItemPrice>199.90</ItemPrice>
      <UnitOfMeasurePrice>0.29</UnitOfMeasurePrice>
      <AllowDiscount>1</AllowDiscount>
      <ItemStatus/>
    </Item>
    <Item>
      <PriceUpdateTime>2025-05-27T14:47:54.000</PriceUpdateTime>
      <ItemCode>5010677850100</ItemCode>
      <LastSaleDateTime>2026-01-29T15:46:23.000</LastSaleDateTime>
      <ItemType>1</ItemType>
      <ItemName>וודקה גרייגוס 700 מ"</ItemName>
      <ManufactureName>לא ידוע</ManufactureName>
      <ManufactureCountry>לא ידוע</ManufactureCountry>
      <ManufactureItemDescription>וודקה גרייגוס 700 מ"</ManufactureItemDescription>
      <UnitQty>לא ידוע</UnitQty>
      <Quantity>1.00</Quantity>
      <UnitOfMeasure>יח'</UnitOfMeasure>
      <bIsWeighted>0</bIsWeighted>
      <QtyInPackage>לא ידוע</QtyInPackage>
      <ItemPrice>120.90</ItemPrice>
      <UnitOfMeasurePrice>120.90</UnitOfMeasurePrice>
      <AllowDiscount>1</AllowDiscount>
      <ItemStatus/>
    </Item>
    <Item>
      <PriceUpdateTime>2025-05-27T14:47:54.000</PriceUpdateTime>
      <ItemCode>5998623526739</ItemCode>
      <LastSaleDateTime>2026-01-22T16:44:12.000</LastSaleDateTime>
      <ItemType>1</ItemType>
      <ItemName>סי גראס גוורצטרמינר</ItemName>
      <ManufactureName>לא ידוע</ManufactureName>
      <ManufactureCountry>לא ידוע</ManufactureCountry>
      <ManufactureItemDescription>סי גראס גוורצטרמינר</ManufactureItemDescription>
      <UnitQty>לא ידוע</UnitQty>
      <Quantity>750.00</Quantity>
      <UnitOfMeasure>100 מ"ל</UnitOfMeasure>
      <bIsWeighted>0</bIsWeighted>
      <QtyInPackage>לא ידוע</QtyInPackage>
      <ItemPrice>39.90</ItemPrice>
      <UnitOfMeasurePrice>0.05</UnitOfMeasurePrice>
      <AllowDiscount>1</AllowDiscount>
      <ItemStatus/>
    </Item>
    <Item>
      <PriceUpdateTime>2025-05-27T14:47:54.000</PriceUpdateTime>
      <ItemCode>7290003208586</ItemCode>
      <LastSaleDateTime>2025-12-08T00:00:00.000</LastSaleDateTime>
      <ItemType>1</ItemType>
      <ItemName>מרטיני ביאנקו 750 מל</ItemName>
      <ManufactureName>לא ידוע</ManufactureName>
      <ManufactureCountry>לא ידוע</ManufactureCountry>
      <ManufactureItemDescription>מרטיני ביאנקו 750 מל</ManufactureItemDescription>
      <UnitQty>לא ידוע</UnitQty>
      <Quantity>750.00</Quantity>
      <UnitOfMeasure>100 מ"ל</UnitOfMeasure>
      <bIsWeighted>0</bIsWeighted>
      <QtyInPackage>לא ידוע</QtyInPackage>
      <ItemPrice>54.90</ItemPrice>
      <UnitOfMeasurePrice>0.07</UnitOfMeasurePrice>
      <AllowDiscount>1</AllowDiscount>
      <ItemStatus/>
    </Item>
    <Item>
      <PriceUpdateTime>2025-05-27T14:47:54.000</PriceUpdateTime>
      <ItemCode>7290003208593</ItemCode>
      <LastSaleDateTime>2025-08-19T00:00:00.000</LastSaleDateTime>
      <ItemType>1</ItemType>
      <ItemName>מרטיני דריי 750 מל</ItemName>
      <ManufactureName>TBD</ManufactureName>
      <ManufactureCountry>לא ידוע</ManufactureCountry>
      <ManufactureItemDescription>מרטיני דריי 750 מל</ManufactureItemDescription>
      <UnitQty>לא ידוע</UnitQty>
      <Quantity>750.00</Quantity>
      <UnitOfMeasure>100 מ"ל</UnitOfMeasure>
      <bIsWeighted>0</bIsWeighted>
      <QtyInPackage>לא ידוע</QtyInPackage>
      <ItemPrice>54.90</ItemPrice>
      <UnitOfMeasurePrice>0.07</UnitOfMeasurePrice>
      <AllowDiscount>1</AllowDiscount>
      <ItemStatus>2</ItemStatus>
    </Item>
    <Item>
      <PriceUpdateTime>2025-05-27T14:47:54.000</PriceUpdateTime>
      <ItemCode>7290003208593</ItemCode>
      <LastSaleDateTime>2025-08-19T00:00:00.000</LastSaleDateTime>
      <ItemType>1</ItemType>
      <ItemName>מרטיני דריי 750 מל</ItemName>
      <ManufactureName>TBD</ManufactureName>
      <ManufactureCountry>לא ידוע</ManufactureCountry>
      <ManufactureItemDescription>מרטיני דריי 750 מל</ManufactureItemDescription>
      <UnitQty>לא ידוע</UnitQty>
      <Quantity>750.00</Quantity>
      <UnitOfMeasure>100 מ"ל</UnitOfMeasure>
      <bIsWeighted>0</bIsWeighted>
      <QtyInPackage>לא ידוע</QtyInPackage>
      <ItemPrice>54.90</ItemPrice>
      <UnitOfMeasurePrice>0.07</UnitOfMeasurePrice>
      <AllowDiscount>1</AllowDiscount>
      <ItemStatus/>
    </Item>
    <Item>
      <PriceUpdateTime>2025-05-27T14:47:54.000</PriceUpdateTime>
      <ItemCode>7290003208609</ItemCode>
      <LastSaleDateTime>2026-01-04T09:11:56.000</LastSaleDateTime>
      <ItemType>1</ItemType>
      <ItemName>מרטיני רוסו 750 מל</ItemName>
      <ManufactureName>TBD</ManufactureName>
      <ManufactureCountry>לא ידוע</ManufactureCountry>
      <ManufactureItemDescription>מרטיני רוסו 750 מל</ManufactureItemDescription>
      <UnitQty>לא ידוע</UnitQty>
      <Quantity>750.00</Quantity>
      <UnitOfMeasure>100 מ"ל</UnitOfMeasure>
      <bIsWeighted>0</bIsWeighted>
      <QtyInPackage>לא ידוע</QtyInPackage>
      <ItemPrice>54.90</ItemPrice>
      <UnitOfMeasurePrice>0.07</UnitOfMeasurePrice>
      <AllowDiscount>1</AllowDiscount>
      <ItemStatus/>
    </Item>
    <Item>
      <PriceUpdateTime>2025-05-27T14:47:54.000</PriceUpdateTime>
      <ItemCode>7290105500748</ItemCode>
      <LastSaleDateTime>2026-01-29T20:24:58.000</LastSaleDateTime>
      <ItemType>1</ItemType>
      <ItemName>וויסקי פיימוס גראוס</ItemName>
      <ManufactureName>לא ידוע</ManufactureName>
      <ManufactureCountry>לא ידוע</ManufactureCountry>
      <ManufactureItemDescription>וויסקי פיימוס גראוס</ManufactureItemDescription>
      <UnitQty>לא ידוע</UnitQty>
      <Quantity>700.00</Quantity>
      <UnitOfMeasure>100 מ"ל</UnitOfMeasure>
      <bIsWeighted>0</bIsWeighted>
      <QtyInPackage>לא ידוע</QtyInPackage>
      <ItemPrice>89.90</ItemPrice>
      <UnitOfMeasurePrice>0.13</UnitOfMeasurePrice>
      <AllowDiscount>1</AllowDiscount>
      <ItemStatus/>
    </Item>
    <Item>
      <PriceUpdateTime>2025-05-27T14:47:54.000</PriceUpdateTime>
      <ItemCode>7290105500984</ItemCode>
      <LastSaleDateTime>2015-01-01T00:00:00.000</LastSaleDateTime>
      <ItemType>1</ItemType>
      <ItemName>בוכא בוקובזה כהיל תא</ItemName>
      <ManufactureName>לא ידוע</ManufactureName>
      <ManufactureCountry>לא ידוע</ManufactureCountry>
      <ManufactureItemDescription>בוכא בוקובזה כהיל תא</ManufactureItemDescription>
      <UnitQty>לא ידוע</UnitQty>
      <Quantity>700.00</Quantity>
      <UnitOfMeasure>100 מ"ל</UnitOfMeasure>
      <bIsWeighted>0</bIsWeighted>
      <QtyInPackage>לא ידוע</QtyInPackage>
      <ItemPrice>179.90</ItemPrice>
      <UnitOfMeasurePrice>0.26</UnitOfMeasurePrice>
      <AllowDiscount>1</AllowDiscount>
      <ItemStatus>2</ItemStatus>
    </Item>
    <Item>
      <PriceUpdateTime>2025-05-27T14:47:54.000</PriceUpdateTime>
      <ItemCode>7290105500984</ItemCode>
      <LastSaleDateTime>2015-01-01T00:00:00.000</LastSaleDateTime>
      <ItemType>1</ItemType>
      <ItemName>בוכא בוקובזה כהיל תא</ItemName>
      <ManufactureName>לא ידוע</ManufactureName>
      <ManufactureCountry>לא ידוע</ManufactureCountry>
      <ManufactureItemDescription>בוכא בוקובזה כהיל תא</ManufactureItemDescription>
      <UnitQty>לא ידוע</UnitQty>
      <Quantity>700.00</Quantity>
      <UnitOfMeasure>100 מ"ל</UnitOfMeasure>
      <bIsWeighted>0</bIsWeighted>
      <QtyInPackage>לא ידוע</QtyInPackage>
      <ItemPrice>179.90</ItemPrice>
      <UnitOfMeasurePrice>0.26</UnitOfMeasurePrice>
      <AllowDiscount>1</AllowDiscount>
      <ItemStatus/>
    </Item>
    <Item>
      <PriceUpdateTime>2025-05-27T16:23:46.000</PriceUpdateTime>
      <ItemCode>7290000504209</ItemCode>
      <LastSaleDateTime>2026-01-29T11:37:20.000</LastSaleDateTime>
      <ItemType>1</ItemType>
      <ItemName>ממתיק טיפות סוכרזית</ItemName>
      <ManufactureName>סוכרזית</ManufactureName>
      <ManufactureCountry>לא ידוע</ManufactureCountry>
      <ManufactureItemDescription>ממתיק טיפות סוכרזית</ManufactureItemDescription>
      <UnitQty>לא ידוע</UnitQty>
      <Quantity>220.00</Quantity>
      <UnitOfMeasure>100 מ"ל</UnitOfMeasure>
      <bIsWeighted>0</bIsWeighted>
      <QtyInPackage>לא ידוע</QtyInPackage>
      <ItemPrice>16.90</ItemPrice>
      <UnitOfMeasurePrice>0.08</UnitOfMeasurePrice>
      <AllowDiscount>1</AllowDiscount>
      <ItemStatus/>
    </Item>
    <Item>
      <PriceUpdateTime>2025-05-28T13:33:38.000</PriceUpdateTime>
      <ItemCode>7290013269638</ItemCode>
      <LastSaleDateTime>2026-01-22T22:47:24.000</LastSaleDateTime>
      <ItemType>1</ItemType>
      <ItemName>סנו סושי ספוג הפלא א</ItemName>
      <ManufactureName>סנו</ManufactureName>
      <ManufactureCountry>לא ידוע</ManufactureCountry>
      <ManufactureItemDescription>סנו סושי ספוג הפלא א</ManufactureItemDescription>
      <UnitQty>לא ידוע</UnitQty>
      <Quantity>1.00</Quantity>
      <UnitOfMeasure>יח'</UnitOfMeasure>
      <bIsWeighted>0</bIsWeighted>
      <QtyInPackage>לא ידוע</QtyInPackage>
      <ItemPrice>12.50</ItemPrice>
      <UnitOfMeasurePrice>12.50</UnitOfMeasurePrice>
      <AllowDiscount>1</AllowDiscount>
      <ItemStatus/>
    </Item>
    <Item>
      <PriceUpdateTime>2025-05-28T15:15:36.000</PriceUpdateTime>
      <ItemCode>7290104963667</ItemCode>
      <LastSaleDateTime>2026-01-29T18:24:04.000</LastSaleDateTime>
      <ItemType>1</ItemType>
      <ItemName>סופטקר 2ב1 אלסבון שמ</ItemName>
      <ManufactureName>סנו</ManufactureName>
      <ManufactureCountry>ישראל</ManufactureCountry>
      <ManufactureItemDescription>סופטקר 2ב1 אלסבון שמ</ManufactureItemDescription>
      <UnitQty>ליטר</UnitQty>
      <Quantity>1.00</Quantity>
      <UnitOfMeasure>ליטר    </UnitOfMeasure>
      <bIsWeighted>0</bIsWeighted>
      <QtyInPackage>לא ידוע</QtyInPackage>
      <ItemPrice>19.90</ItemPrice>
      <UnitOfMeasurePrice>19.90</UnitOfMeasurePrice>
      <AllowDiscount>1</AllowDiscount>
      <ItemStatus/>
    </Item>
    <Item>
      <PriceUpdateTime>2025-05-28T15:15:36.000</PriceUpdateTime>
      <ItemCode>7290108359824</ItemCode>
      <LastSaleDateTime>2026-01-29T10:47:43.000</LastSaleDateTime>
      <ItemType>1</ItemType>
      <ItemName>קרם גוף בייבי כיף 50</ItemName>
      <ManufactureName>לא ידוע</ManufactureName>
      <ManufactureCountry>לא ידוע</ManufactureCountry>
      <ManufactureItemDescription>קרם גוף בייבי כיף 50</ManufactureItemDescription>
      <UnitQty>לא ידוע</UnitQty>
      <Quantity>750.00</Quantity>
      <UnitOfMeasure>100 מ"ל</UnitOfMeasure>
      <bIsWeighted>0</bIsWeighted>
      <QtyInPackage>לא ידוע</QtyInPackage>
      <ItemPrice>19.90</ItemPrice>
      <UnitOfMeasurePrice>0.03</UnitOfMeasurePrice>
      <AllowDiscount>1</AllowDiscount>
      <ItemStatus/>
    </Item>
    <Item>
      <PriceUpdateTime>2025-05-28T15:15:52.000</PriceUpdateTime>
      <ItemCode>7290107280570</ItemCode>
      <LastSaleDateTime>2026-01-22T18:30:59.000</LastSaleDateTime>
      <ItemType>1</ItemType>
      <ItemName>סנו מקסימה ג'ל לכביס</ItemName>
      <ManufactureName>סנו</ManufactureName>
      <ManufactureCountry>לא ידוע</ManufactureCountry>
      <ManufactureItemDescription>סנו מקסימה ג'ל לכביס</ManufactureItemDescription>
      <UnitQty>ליטר</UnitQty>
      <Quantity>3.00</Quantity>
      <UnitOfMeasure>ליטר    </UnitOfMeasure>
      <bIsWeighted>0</bIsWeighted>
      <QtyInPackage>לא ידוע</QtyInPackage>
      <ItemPrice>31.90</ItemPrice>
      <UnitOfMeasurePrice>10.63</UnitOfMeasurePrice>
      <AllowDiscount>1</AllowDiscount>
      <ItemStatus/>
    </Item>
    <Item>
      <PriceUpdateTime>2025-05-28T15:15:52.000</PriceUpdateTime>
      <ItemCode>7290108350548</ItemCode>
      <LastSaleDateTime>2026-01-29T12:42:28.000</LastSaleDateTime>
      <ItemType>1</ItemType>
      <ItemName>נוזל כלים סנו ספארק</ItemName>
      <ManufactureName>סנו ספארק</ManufactureName>
      <ManufactureCountry>לא ידוע</ManufactureCountry>
      <ManufactureItemDescription>נוזל כלים סנו ספארק</ManufactureItemDescription>
      <UnitQty>לא ידוע</UnitQty>
      <Quantity>1.00</Quantity>
      <UnitOfMeasure>יח'</UnitOfMeasure>
      <bIsWeighted>0</bIsWeighted>
      <QtyInPackage>לא ידוע</QtyInPackage>
      <ItemPrice>11.90</ItemPrice>
      <UnitOfMeasurePrice>11.90</UnitOfMeasurePrice>
      <AllowDiscount>1</AllowDiscount>
      <ItemStatus/>
    </Item>
    <Item>
      <PriceUpdateTime>2025-05-28T15:17:12.000</PriceUpdateTime>
      <ItemCode>7613035807778</ItemCode>
      <LastSaleDateTime>2026-01-28T17:05:41.000</LastSaleDateTime>
      <ItemType>1</ItemType>
      <ItemName>רוטב פרפקטו לפסטה עג</ItemName>
      <ManufactureName>אסם</ManufactureName>
      <ManufactureCountry>ישראל</ManufactureCountry>
      <ManufactureItemDescription>רוטב פרפקטו לפסטה עג</ManufactureItemDescription>
      <UnitQty>גרם</UnitQty>
      <Quantity>400.00</Quantity>
      <UnitOfMeasure>100 גרם</UnitOfMeasure>
      <bIsWeighted>0</bIsWeighted>
      <QtyInPackage>לא ידוע</QtyInPackage>
      <ItemPrice>11.90</ItemPrice>
      <UnitOfMeasurePrice>2.98</UnitOfMeasurePrice>
      <AllowDiscount>1</AllowDiscount>
      <ItemStatus/>
    </Item>
    <Item>
      <PriceUpdateTime>2025-05-28T15:17:25.000</PriceUpdateTime>
      <ItemCode>7290000300900</ItemCode>
      <LastSaleDateTime>2026-01-29T17:35:17.000</LastSaleDateTime>
      <ItemType>1</ItemType>
      <ItemName>שניצל תירס מרכיבים ט</ItemName>
      <ManufactureName>טבעול</ManufactureName>
      <ManufactureCountry>לא ידוע</ManufactureCountry>
      <ManufactureItemDescription>שניצל תירס מרכיבים ט</ManufactureItemDescription>
      <UnitQty>גרם</UnitQty>
      <Quantity>750.00</Quantity>
      <UnitOfMeasure>100 גרם</UnitOfMeasure>
      <bIsWeighted>0</bIsWeighted>
      <QtyInPackage>לא ידוע</QtyInPackage>
      <ItemPrice>33.90</ItemPrice>
      <UnitOfMeasurePrice>4.52</UnitOfMeasurePrice>
      <AllowDiscount>1</AllowDiscount>
      <ItemStatus/>
    </Item>
    <Item>
      <PriceUpdateTime>2025-05-28T15:17:25.000</PriceUpdateTime>
      <ItemCode>7613039770450</ItemCode>
      <LastSaleDateTime>2026-01-22T18:23:55.000</LastSaleDateTime>
      <ItemType>1</ItemType>
      <ItemName>בורגר צמחוני 226 גרם</ItemName>
      <ManufactureName>לא ידוע</ManufactureName>
      <ManufactureCountry>לא ידוע</ManufactureCountry>
      <ManufactureItemDescription>בורגר צמחוני 226 גרם</ManufactureItemDescription>
      <UnitQty>גרם</UnitQty>
      <Quantity>226.00</Quantity>
      <UnitOfMeasure>100 גרם</UnitOfMeasure>
      <bIsWeighted>0</bIsWeighted>
      <QtyInPackage>לא ידוע</QtyInPackage>
      <ItemPrice>36.90</ItemPrice>
      <UnitOfMeasurePrice>16.33</UnitOfMeasurePrice>
      <AllowDiscount>1</AllowDiscount>
      <ItemStatus/>
    </Item>
    <Item>
      <PriceUpdateTime>2025-05-28T15:17:25.000</PriceUpdateTime>
      <ItemCode>7613039771174</ItemCode>
      <LastSaleDateTime>2026-01-29T20:01:58.000</LastSaleDateTime>
      <ItemType>1</ItemType>
      <ItemName>טחון צמחוני 400 גרם</ItemName>
      <ManufactureName>לא ידוע</ManufactureName>
      <ManufactureCountry>לא ידוע</ManufactureCountry>
      <ManufactureItemDescription>טחון צמחוני 400 גרם</ManufactureItemDescription>
      <UnitQty>גרם</UnitQty>
      <Quantity>400.00</Quantity>
      <UnitOfMeasure>100 גרם</UnitOfMeasure>
      <bIsWeighted>0</bIsWeighted>
      <QtyInPackage>לא ידוע</QtyInPackage>
      <ItemPrice>38.90</ItemPrice>
      <UnitOfMeasurePrice>9.72</UnitOfMeasurePrice>
      <AllowDiscount>1</AllowDiscount>
      <ItemStatus/>
    </Item>
    <Item>
      <PriceUpdateTime>2025-05-29T11:14:23.000</PriceUpdateTime>
      <ItemCode>8002450205006</ItemCode>
      <LastSaleDateTime>2026-01-29T20:25:29.000</LastSaleDateTime>
      <ItemType>1</ItemType>
      <ItemName>ורדי תות שדה כשר</ItemName>
      <ManufactureName>בוסקה</ManufactureName>
      <ManufactureCountry>איטליה</ManufactureCountry>
      <ManufactureItemDescription>ורדי רימונים כשר</ManufactureItemDescription>
      <UnitQty>לא ידוע</UnitQty>
      <Quantity>750.00</Quantity>
      <UnitOfMeasure>100 מ"ל</UnitOfMeasure>
      <bIsWeighted>0</bIsWeighted>
      <QtyInPackage>לא ידוע</QtyInPackage>
      <ItemPrice>24.90</ItemPrice>
      <UnitOfMeasurePrice>0.03</UnitOfMeasurePrice>
      <AllowDiscount>1</AllowDiscount>
      <ItemStatus/>
    </Item>
    <Item>
      <PriceUpdateTime>2025-05-29T11:14:23.000</PriceUpdateTime>
      <ItemCode>8002450206003</ItemCode>
      <LastSaleDateTime>2025-11-20T00:00:00.000</LastSaleDateTime>
      <ItemType>1</ItemType>
      <ItemName>ורדי רימונים כשר</ItemName>
      <ManufactureName>בוסקה</ManufactureName>
      <ManufactureCountry>איטליה</ManufactureCountry>
      <ManufactureItemDescription>ורדי רימונים כשר</ManufactureItemDescription>
      <UnitQty>לא ידוע</UnitQty>
      <Quantity>750.00</Quantity>
      <UnitOfMeasure>100 מ"ל</UnitOfMeasure>
      <bIsWeighted>0</bIsWeighted>
      <QtyInPackage>לא ידוע</QtyInPackage>
      <ItemPrice>24.90</ItemPrice>
      <UnitOfMeasurePrice>0.03</UnitOfMeasurePrice>
      <AllowDiscount>1</AllowDiscount>
      <ItemStatus/>
    </Item>
    <Item>
      <PriceUpdateTime>2025-05-29T11:14:23.000</PriceUpdateTime>
      <ItemCode>8002450208007</ItemCode>
      <LastSaleDateTime>2015-01-01T00:00:00.000</LastSaleDateTime>
      <ItemType>1</ItemType>
      <ItemName>ורדי גרין אפל כשר</ItemName>
      <ManufactureName>בוסקה</ManufactureName>
      <ManufactureCountry>איטליה</ManufactureCountry>
      <ManufactureItemDescription>ורדי גרין אפל כשר</ManufactureItemDescription>
      <UnitQty>לא ידוע</UnitQty>
      <Quantity>750.00</Quantity>
      <UnitOfMeasure>100 מ"ל</UnitOfMeasure>
      <bIsWeighted>0</bIsWeighted>
      <QtyInPackage>לא ידוע</QtyInPackage>
      <ItemPrice>24.90</ItemPrice>
      <UnitOfMeasurePrice>0.03</UnitOfMeasurePrice>
      <AllowDiscount>1</AllowDiscount>
      <ItemStatus>2</ItemStatus>
    </Item>
    <Item>
      <PriceUpdateTime>2025-05-29T11:14:23.000</PriceUpdateTime>
      <ItemCode>8002450208007</ItemCode>
      <LastSaleDateTime>2015-01-01T00:00:00.000</LastSaleDateTime>
      <ItemType>1</ItemType>
      <ItemName>ורדי גרין אפל כשר</ItemName>
      <ManufactureName>בוסקה</ManufactureName>
      <ManufactureCountry>איטליה</ManufactureCountry>
      <ManufactureItemDescription>ורדי גרין אפל כשר</ManufactureItemDescription>
      <UnitQty>לא ידוע</UnitQty>
      <Quantity>750.00</Quantity>
      <UnitOfMeasure>100 מ"ל</UnitOfMeasure>
      <bIsWeighted>0</bIsWeighted>
      <QtyInPackage>לא ידוע</QtyInPackage>
      <ItemPrice>24.90</ItemPrice>
      <UnitOfMeasurePrice>0.03</UnitOfMeasurePrice>
      <AllowDiscount>1</AllowDiscount>
      <ItemStatus/>
    </Item>
    <Item>
      <PriceUpdateTime>2025-06-03T08:28:07.000</PriceUpdateTime>
      <ItemCode>7290000051376</ItemCode>
      <LastSaleDateTime>2026-01-29T14:41:15.000</LastSaleDateTime>
      <ItemType>1</ItemType>
      <ItemName>יוגורט דיאט 0% יופלה</ItemName>
      <ManufactureName>יופלה</ManufactureName>
      <ManufactureCountry>לא ידוע</ManufactureCountry>
      <ManufactureItemDescription>יוגורט דיאט 0% יופלה</ManufactureItemDescription>
      <UnitQty>לא ידוע</UnitQty>
      <Quantity>150.00</Quantity>
      <UnitOfMeasure>100 מ"ל</UnitOfMeasure>
      <bIsWeighted>0</bIsWeighted>
      <QtyInPackage>לא ידוע</QtyInPackage>
      <ItemPrice>5.30</ItemPrice>
      <UnitOfMeasurePrice>0.04</UnitOfMeasurePrice>
      <AllowDiscount>1</AllowDiscount>
      <ItemStatus/>
    </Item>
    <Item>
      <PriceUpdateTime>2025-06-03T08:28:07.000</PriceUpdateTime>
      <ItemCode>7290000056753</ItemCode>
      <LastSaleDateTime>2026-01-22T21:26:23.000</LastSaleDateTime>
      <ItemType>1</ItemType>
      <ItemName>גבינה צהובה עמק 28%</ItemName>
      <ManufactureName>תנובה</ManufactureName>
      <ManufactureCountry>לא ידוע</ManufactureCountry>
      <ManufactureItemDescription>גבינה צהובה עמק 28%</ManufactureItemDescription>
      <UnitQty>גרם</UnitQty>
      <Quantity>200.00</Quantity>
      <UnitOfMeasure>100 גרם</UnitOfMeasure>
      <bIsWeighted>0</bIsWeighted>
      <QtyInPackage>לא ידוע</QtyInPackage>
      <ItemPrice>18.10</ItemPrice>
      <UnitOfMeasurePrice>9.05</UnitOfMeasurePrice>
      <AllowDiscount>1</AllowDiscount>
      <ItemStatus/>
    </Item>
    <Item>
      <PriceUpdateTime>2025-06-03T08:28:08.000</PriceUpdateTime>
      <ItemCode>7290004128340</ItemCode>
      <LastSaleDateTime>2026-01-22T12:51:06.000</LastSaleDateTime>
      <ItemType>1</ItemType>
      <ItemName>קרם גבינת שמנת תנובה</ItemName>
      <ManufactureName>תנובה</ManufactureName>
      <ManufactureCountry>לא ידוע</ManufactureCountry>
      <ManufactureItemDescription>קרם גבינת שמנת תנובה</ManufactureItemDescription>
      <UnitQty>גרם</UnitQty>
      <Quantity>200.00</Quantity>
      <UnitOfMeasure>100 גרם</UnitOfMeasure>
      <bIsWeighted>0</bIsWeighted>
      <QtyInPackage>לא ידוע</QtyInPackage>
      <ItemPrice>13.60</ItemPrice>
      <UnitOfMeasurePrice>6.80</UnitOfMeasurePrice>
      <AllowDiscount>1</AllowDiscount>
      <ItemStatus/>
    </Item>
    <Item>
      <PriceUpdateTime>2025-06-03T08:28:08.000</PriceUpdateTime>
      <ItemCode>7290004129767</ItemCode>
      <LastSaleDateTime>2026-01-22T18:34:23.000</LastSaleDateTime>
      <ItemType>1</ItemType>
      <ItemName>יוגורט יופלה לבן 3%</ItemName>
      <ManufactureName>יופלה</ManufactureName>
      <ManufactureCountry>לא ידוע</ManufactureCountry>
      <ManufactureItemDescription>יוגורט יופלה לבן 3%</ManufactureItemDescription>
      <UnitQty>לא ידוע</UnitQty>
      <Quantity>1.20</Quantity>
      <UnitOfMeasure>יח'</UnitOfMeasure>
      <bIsWeighted>0</bIsWeighted>
      <QtyInPackage>לא ידוע</QtyInPackage>
      <ItemPrice>19.10</ItemPrice>
      <UnitOfMeasurePrice>15.92</UnitOfMeasurePrice>
      <AllowDiscount>1</AllowDiscount>
      <ItemStatus/>
    </Item>
    <Item>
      <PriceUpdateTime>2025-06-03T08:28:08.000</PriceUpdateTime>
      <ItemCode>7290014759084</ItemCode>
      <LastSaleDateTime>2026-01-29T17:22:42.000</LastSaleDateTime>
      <ItemType>1</ItemType>
      <ItemName>גבינת שמנת נפוליאון</ItemName>
      <ManufactureName>תנובה</ManufactureName>
      <ManufactureCountry>לא ידוע</ManufactureCountry>
      <ManufactureItemDescription>גבינת שמנת נפוליאון</ManufactureItemDescription>
      <UnitQty>גרם</UnitQty>
      <Quantity>225.00</Quantity>
      <UnitOfMeasure>100 גרם</UnitOfMeasure>
      <bIsWeighted>0</bIsWeighted>
      <QtyInPackage>לא ידוע</QtyInPackage>
      <ItemPrice>14.60</ItemPrice>
      <UnitOfMeasurePrice>6.49</UnitOfMeasurePrice>
      <AllowDiscount>1</AllowDiscount>
      <ItemStatus/>
    </Item>
    <Item>
      <PriceUpdateTime>2025-06-03T08:28:08.000</PriceUpdateTime>
      <ItemCode>7290014761056</ItemCode>
      <LastSaleDateTime>2026-01-22T18:39:12.000</LastSaleDateTime>
      <ItemType>1</ItemType>
      <ItemName>מעדן יולו שוקולד חלב</ItemName>
      <ManufactureName>תנובה</ManufactureName>
      <ManufactureCountry>לא ידוע</ManufactureCountry>
      <ManufactureItemDescription>מעדן יולו שוקולד חלב</ManufactureItemDescription>
      <UnitQty>גרם</UnitQty>
      <Quantity>122.00</Quantity>
      <UnitOfMeasure>100 גרם</UnitOfMeasure>
      <bIsWeighted>0</bIsWeighted>
      <QtyInPackage>לא ידוע</QtyInPackage>
      <ItemPrice>5.20</ItemPrice>
      <UnitOfMeasurePrice>4.26</UnitOfMeasurePrice>
      <AllowDiscount>1</AllowDiscount>
      <ItemStatus/>
    </Item>
    <Item>
      <PriceUpdateTime>2025-06-03T08:28:10.000</PriceUpdateTime>
      <ItemCode>7290116931982</ItemCode>
      <LastSaleDateTime>2026-01-22T12:20:56.000</LastSaleDateTime>
      <ItemType>1</ItemType>
      <ItemName>גבינת שמנת נפוליאון</ItemName>
      <ManufactureName>לא ידוע</ManufactureName>
      <ManufactureCountry>לא ידוע</ManufactureCountry>
      <ManufactureItemDescription>גבינת שמנת נפוליאון</ManufactureItemDescription>
      <UnitQty>גרם</UnitQty>
      <Quantity>225.00</Quantity>
      <UnitOfMeasure>100 גרם</UnitOfMeasure>
      <bIsWeighted>0</bIsWeighted>
      <QtyInPackage>לא ידוע</QtyInPackage>
      <ItemPrice>14.60</ItemPrice>
      <UnitOfMeasurePrice>6.49</UnitOfMeasurePrice>
      <AllowDiscount>1</AllowDiscount>
      <ItemStatus/>
    </Item>
    <Item>
      <PriceUpdateTime>2025-06-04T11:13:28.000</PriceUpdateTime>
      <ItemCode>5000159560474</ItemCode>
      <LastSaleDateTime>2026-01-22T21:44:51.000</LastSaleDateTime>
      <ItemType>1</ItemType>
      <ItemName>מלטיזרס חטיף 37 גרם</ItemName>
      <ManufactureName>לא ידוע</ManufactureName>
      <ManufactureCountry>לא ידוע</ManufactureCountry>
      <ManufactureItemDescription>מלטיזרס חטיף 37 גרם</ManufactureItemDescription>
      <UnitQty>גרם</UnitQty>
      <Quantity>37.00</Quantity>
      <UnitOfMeasure>100 גרם</UnitOfMeasure>
      <bIsWeighted>0</bIsWeighted>
      <QtyInPackage>לא ידוע</QtyInPackage>
      <ItemPrice>5.60</ItemPrice>
      <UnitOfMeasurePrice>15.14</UnitOfMeasurePrice>
      <AllowDiscount>1</AllowDiscount>
      <ItemStatus/>
    </Item>
    <Item>
      <PriceUpdateTime>2025-06-04T11:13:28.000</PriceUpdateTime>
      <ItemCode>5000159561921</ItemCode>
      <LastSaleDateTime>2026-01-29T13:00:16.000</LastSaleDateTime>
      <ItemType>1</ItemType>
      <ItemName>מרס מיני 333 גר</ItemName>
      <ManufactureName>לא ידוע</ManufactureName>
      <ManufactureCountry>לא ידוע</ManufactureCountry>
      <ManufactureItemDescription>מרס מיני 333 גר</ManufactureItemDescription>
      <UnitQty>גרם</UnitQty>
      <Quantity>333.00</Quantity>
      <UnitOfMeasure>100 גרם</UnitOfMeasure>
      <bIsWeighted>0</bIsWeighted>
      <QtyInPackage>לא ידוע</QtyInPackage>
      <ItemPrice>27.90</ItemPrice>
      <UnitOfMeasurePrice>8.38</UnitOfMeasurePrice>
      <AllowDiscount>1</AllowDiscount>
      <ItemStatus/>
    </Item>
    <Item>
      <PriceUpdateTime>2025-06-04T11:13:28.000</PriceUpdateTime>
      <ItemCode>5000159558792</ItemCode>
      <LastSaleDateTime>2026-01-28T20:02:55.000</LastSaleDateTime>
      <ItemType>1</ItemType>
      <ItemName>מרס חטיף בודד 51 גרם</ItemName>
      <ManufactureName>לא ידוע</ManufactureName>
      <ManufactureCountry>לא ידוע</ManufactureCountry>
      <ManufactureItemDescription>מרס חטיף בודד 51 גרם</ManufactureItemDescription>
      <UnitQty>גרם</UnitQty>
      <Quantity>51.00</Quantity>
      <UnitOfMeasure>100 גרם</UnitOfMeasure>
      <bIsWeighted>0</bIsWeighted>
      <QtyInPackage>לא ידוע</QtyInPackage>
      <ItemPrice>5.70</ItemPrice>
      <UnitOfMeasurePrice>11.18</UnitOfMeasurePrice>
      <AllowDiscount>1</AllowDiscount>
      <ItemStatus/>
    </Item>
    <Item>
      <PriceUpdateTime>2025-06-05T15:23:28.000</PriceUpdateTime>
      <ItemCode>8700216350358</ItemCode>
      <LastSaleDateTime>2026-01-22T15:54:18.000</LastSaleDateTime>
      <ItemType>1</ItemType>
      <ItemName>חיתולי פמפרס בייבי ד</ItemName>
      <ManufactureName>לא ידוע</ManufactureName>
      <ManufactureCountry>לא ידוע</ManufactureCountry>
      <ManufactureItemDescription>חיתולי פמפרס בייבי ד</ManufactureItemDescription>
      <UnitQty>לא ידוע</UnitQty>
      <Quantity>1.00</Quantity>
      <UnitOfMeasure>יח'</UnitOfMeasure>
      <bIsWeighted>0</bIsWeighted>
      <QtyInPackage>לא ידוע</QtyInPackage>
      <ItemPrice>34.90</ItemPrice>
      <UnitOfMeasurePrice>34.90</UnitOfMeasurePrice>
      <AllowDiscount>1</AllowDiscount>
      <ItemStatus/>
    </Item>
    <Item>
      <PriceUpdateTime>2025-06-05T15:24:35.000</PriceUpdateTime>
      <ItemCode>4005528126092</ItemCode>
      <LastSaleDateTime>2026-01-22T17:32:01.000</LastSaleDateTime>
      <ItemType>1</ItemType>
      <ItemName>דגני בוקר בוב ספוג 3</ItemName>
      <ManufactureName>לא ידוע</ManufactureName>
      <ManufactureCountry>לא ידוע</ManufactureCountry>
      <ManufactureItemDescription>דגני בוקר בוב ספוג 3</ManufactureItemDescription>
      <UnitQty>גרם</UnitQty>
      <Quantity>311.00</Quantity>
      <UnitOfMeasure>100 גרם</UnitOfMeasure>
      <bIsWeighted>0</bIsWeighted>
      <QtyInPackage>לא ידוע</QtyInPackage>
      <ItemPrice>22.90</ItemPrice>
      <UnitOfMeasurePrice>7.36</UnitOfMeasurePrice>
      <AllowDiscount>1</AllowDiscount>
      <ItemStatus/>
    </Item>
    <Item>
      <PriceUpdateTime>2025-06-08T10:20:36.000</PriceUpdateTime>
      <ItemCode>7290107646062</ItemCode>
      <LastSaleDateTime>2026-01-29T13:47:21.000</LastSaleDateTime>
      <ItemType>1</ItemType>
      <ItemName>מרק 400 בצל 100% רכב</ItemName>
      <ManufactureName>לא ידוע</ManufactureName>
      <ManufactureCountry>לא ידוע</ManufactureCountry>
      <ManufactureItemDescription>מרק 400 בצל 100% רכב</ManufactureItemDescription>
      <UnitQty>גרם</UnitQty>
      <Quantity>400.00</Quantity>
      <UnitOfMeasure>100 גרם</UnitOfMeasure>
      <bIsWeighted>0</bIsWeighted>
      <QtyInPackage>לא ידוע</QtyInPackage>
      <ItemPrice>24.90</ItemPrice>
      <UnitOfMeasurePrice>6.22</UnitOfMeasurePrice>
      <AllowDiscount>1</AllowDiscount>
      <ItemStatus/>
    </Item>
    <Item>
      <PriceUpdateTime>2025-06-08T10:21:08.000</PriceUpdateTime>
      <ItemCode>7290116530284</ItemCode>
      <LastSaleDateTime>2026-01-28T19:56:13.000</LastSaleDateTime>
      <ItemType>1</ItemType>
      <ItemName>פינוק שמפו שמן זית 7</ItemName>
      <ManufactureName>לא ידוע</ManufactureName>
      <ManufactureCountry>לא ידוע</ManufactureCountry>
      <ManufactureItemDescription>פינוק שמפו שמן זית 7</ManufactureItemDescription>
      <UnitQty>לא ידוע</UnitQty>
      <Quantity>700.00</Quantity>
      <UnitOfMeasure>100 מ"ל</UnitOfMeasure>
      <bIsWeighted>0</bIsWeighted>
      <QtyInPackage>לא ידוע</QtyInPackage>
      <ItemPrice>13.90</ItemPrice>
      <UnitOfMeasurePrice>0.02</UnitOfMeasurePrice>
      <AllowDiscount>1</AllowDiscount>
      <ItemStatus/>
    </Item>
    <Item>
      <PriceUpdateTime>2025-06-08T10:21:08.000</PriceUpdateTime>
      <ItemCode>8712561384704</ItemCode>
      <LastSaleDateTime>2026-01-28T12:10:59.000</LastSaleDateTime>
      <ItemType>1</ItemType>
      <ItemName>דאב שמפו ומרכך יומי</ItemName>
      <ManufactureName>לא ידוע</ManufactureName>
      <ManufactureCountry>לא ידוע</ManufactureCountry>
      <ManufactureItemDescription>דאב שמפו ומרכך יומי</ManufactureItemDescription>
      <UnitQty>מטרים</UnitQty>
      <Quantity>400.00</Quantity>
      <UnitOfMeasure>100 מ'ל</UnitOfMeasure>
      <bIsWeighted>0</bIsWeighted>
      <QtyInPackage>לא ידוע</QtyInPackage>
      <ItemPrice>15.90</ItemPrice>
      <UnitOfMeasurePrice>0.04</UnitOfMeasurePrice>
      <AllowDiscount>1</AllowDiscount>
      <ItemStatus/>
    </Item>
    <Item>
      <PriceUpdateTime>2025-06-08T11:48:17.000</PriceUpdateTime>
      <ItemCode>7290000346212</ItemCode>
      <LastSaleDateTime>2026-01-22T15:30:05.000</LastSaleDateTime>
      <ItemType>1</ItemType>
      <ItemName>הגן הקסום תה מנטה וי</ItemName>
      <ManufactureName>ויסוצקי</ManufactureName>
      <ManufactureCountry>לא ידוע</ManufactureCountry>
      <ManufactureItemDescription>הגן הקסום תה מנטה וי</ManufactureItemDescription>
      <UnitQty>גרם</UnitQty>
      <Quantity>50.00</Quantity>
      <UnitOfMeasure>100 גרם</UnitOfMeasure>
      <bIsWeighted>0</bIsWeighted>
      <QtyInPackage>לא ידוע</QtyInPackage>
      <ItemPrice>19.80</ItemPrice>
      <UnitOfMeasurePrice>39.60</UnitOfMeasurePrice>
      <AllowDiscount>1</AllowDiscount>
      <ItemStatus/>
    </Item>
    <Item>
      <PriceUpdateTime>2025-06-08T11:48:17.000</PriceUpdateTime>
      <ItemCode>7290011126469</ItemCode>
      <LastSaleDateTime>2026-01-29T17:50:38.000</LastSaleDateTime>
      <ItemType>1</ItemType>
      <ItemName>הגן הקסום תה בטעם קמ</ItemName>
      <ManufactureName>ויסוצקי</ManufactureName>
      <ManufactureCountry>לא ידוע</ManufactureCountry>
      <ManufactureItemDescription>הגן הקסום תה בטעם קמ</ManufactureItemDescription>
      <UnitQty>לא ידוע</UnitQty>
      <Quantity>25.00</Quantity>
      <UnitOfMeasure>יח'</UnitOfMeasure>
      <bIsWeighted>0</bIsWeighted>
      <QtyInPackage>לא ידוע</QtyInPackage>
      <ItemPrice>19.80</ItemPrice>
      <UnitOfMeasurePrice>0.79</UnitOfMeasurePrice>
      <AllowDiscount>1</AllowDiscount>
      <ItemStatus/>
    </Item>
    <Item>
      <PriceUpdateTime>2025-06-08T12:54:40.000</PriceUpdateTime>
      <ItemCode>7501035011304</ItemCode>
      <LastSaleDateTime>2025-10-06T00:00:00.000</LastSaleDateTime>
      <ItemType>1</ItemType>
      <ItemName>טקילה קוארבו אספסיאל</ItemName>
      <ManufactureName>לא ידוע</ManufactureName>
      <ManufactureCountry>לא ידוע</ManufactureCountry>
      <ManufactureItemDescription>טקילה קוארבו אספסיאל</ManufactureItemDescription>
      <UnitQty>מטרים</UnitQty>
      <Quantity>700.00</Quantity>
      <UnitOfMeasure>100 מ'ל</UnitOfMeasure>
      <bIsWeighted>0</bIsWeighted>
      <QtyInPackage>לא ידוע</QtyInPackage>
      <ItemPrice>89.90</ItemPrice>
      <UnitOfMeasurePrice>0.13</UnitOfMeasurePrice>
      <AllowDiscount>1</AllowDiscount>
      <ItemStatus>2</ItemStatus>
    </Item>
    <Item>
      <PriceUpdateTime>2025-06-08T12:54:40.000</PriceUpdateTime>
      <ItemCode>7501035011304</ItemCode>
      <LastSaleDateTime>2025-10-06T00:00:00.000</LastSaleDateTime>
      <ItemType>1</ItemType>
      <ItemName>טקילה קוארבו אספסיאל</ItemName>
      <ManufactureName>לא ידוע</ManufactureName>
      <ManufactureCountry>לא ידוע</ManufactureCountry>
      <ManufactureItemDescription>טקילה קוארבו אספסיאל</ManufactureItemDescription>
      <UnitQty>מטרים</UnitQty>
      <Quantity>700.00</Quantity>
      <UnitOfMeasure>100 מ'ל</UnitOfMeasure>
      <bIsWeighted>0</bIsWeighted>
      <QtyInPackage>לא ידוע</QtyInPackage>
      <ItemPrice>89.90</ItemPrice>
      <UnitOfMeasurePrice>0.13</UnitOfMeasurePrice>
      <AllowDiscount>1</AllowDiscount>
      <ItemStatus/>
    </Item>
    <Item>
      <PriceUpdateTime>2025-06-08T12:55:09.000</PriceUpdateTime>
      <ItemCode>5010327000046</ItemCode>
      <LastSaleDateTime>2026-01-29T15:43:28.000</LastSaleDateTime>
      <ItemType>1</ItemType>
      <ItemName>גרנטס וויסקי 700 ס"ל</ItemName>
      <ManufactureName>ויליאם גרנט</ManufactureName>
      <ManufactureCountry>לא ידוע</ManufactureCountry>
      <ManufactureItemDescription>גרנט'ס וויסקי 70 ס"ל</ManufactureItemDescription>
      <UnitQty>לא ידוע</UnitQty>
      <Quantity>700.00</Quantity>
      <UnitOfMeasure>100 מ"ל</UnitOfMeasure>
      <bIsWeighted>0</bIsWeighted>
      <QtyInPackage>לא ידוע</QtyInPackage>
      <ItemPrice>84.90</ItemPrice>
      <UnitOfMeasurePrice>0.12</UnitOfMeasurePrice>
      <AllowDiscount>1</AllowDiscount>
      <ItemStatus/>
    </Item>
    <Item>
      <PriceUpdateTime>2025-06-08T12:55:09.000</PriceUpdateTime>
      <ItemCode>5011026108033</ItemCode>
      <LastSaleDateTime>2025-12-03T00:00:00.000</LastSaleDateTime>
      <ItemType>1</ItemType>
      <ItemName>טולמור דיו וויסקי אי</ItemName>
      <ManufactureName>לא ידוע</ManufactureName>
      <ManufactureCountry>לא ידוע</ManufactureCountry>
      <ManufactureItemDescription>טולמור דיו וויסקי אי</ManufactureItemDescription>
      <UnitQty>לא ידוע</UnitQty>
      <Quantity>700.00</Quantity>
      <UnitOfMeasure>100 מ"ל</UnitOfMeasure>
      <bIsWeighted>0</bIsWeighted>
      <QtyInPackage>לא ידוע</QtyInPackage>
      <ItemPrice>104.90</ItemPrice>
      <UnitOfMeasurePrice>0.15</UnitOfMeasurePrice>
      <AllowDiscount>1</AllowDiscount>
      <ItemStatus/>
    </Item>
    <Item>
      <PriceUpdateTime>2025-06-08T12:55:09.000</PriceUpdateTime>
      <ItemCode>6440003100095</ItemCode>
      <LastSaleDateTime>2026-01-26T13:02:22.000</LastSaleDateTime>
      <ItemType>1</ItemType>
      <ItemName>וודקה פינלנדיה 700מל</ItemName>
      <ManufactureName>לא ידוע</ManufactureName>
      <ManufactureCountry>לא ידוע</ManufactureCountry>
      <ManufactureItemDescription>וודקה פינלנדיה 700מל</ManufactureItemDescription>
      <UnitQty>מטרים</UnitQty>
      <Quantity>700.00</Quantity>
      <UnitOfMeasure>100 מ'ל</UnitOfMeasure>
      <bIsWeighted>0</bIsWeighted>
      <QtyInPackage>לא ידוע</QtyInPackage>
      <ItemPrice>74.90</ItemPrice>
      <UnitOfMeasurePrice>0.11</UnitOfMeasurePrice>
      <AllowDiscount>1</AllowDiscount>
      <ItemStatus/>
    </Item>
    <Item>
      <PriceUpdateTime>2025-06-09T11:57:05.000</PriceUpdateTime>
      <ItemCode>80776307</ItemCode>
      <LastSaleDateTime>2026-01-22T19:15:29.000</LastSaleDateTime>
      <ItemType>1</ItemType>
      <ItemName>מסטיק מנטוס ביג מעוג</ItemName>
      <ManufactureName>לא ידוע</ManufactureName>
      <ManufactureCountry>לא ידוע</ManufactureCountry>
      <ManufactureItemDescription>מסטיק מנטוס ביג מעוג</ManufactureItemDescription>
      <UnitQty>גרם</UnitQty>
      <Quantity>90.00</Quantity>
      <UnitOfMeasure>100 גרם</UnitOfMeasure>
      <bIsWeighted>0</bIsWeighted>
      <QtyInPackage>לא ידוע</QtyInPackage>
      <ItemPrice>17.90</ItemPrice>
      <UnitOfMeasurePrice>19.89</UnitOfMeasurePrice>
      <AllowDiscount>1</AllowDiscount>
      <ItemStatus/>
    </Item>
    <Item>
      <PriceUpdateTime>2025-06-09T11:57:05.000</PriceUpdateTime>
      <ItemCode>80794233</ItemCode>
      <LastSaleDateTime>2026-01-22T20:10:40.000</LastSaleDateTime>
      <ItemType>1</ItemType>
      <ItemName>מסטיק מנטוס ביג מעוג</ItemName>
      <ManufactureName>לא ידוע</ManufactureName>
      <ManufactureCountry>לא ידוע</ManufactureCountry>
      <ManufactureItemDescription>מסטיק מנטוס ביג מעוג</ManufactureItemDescription>
      <UnitQty>גרם</UnitQty>
      <Quantity>90.00</Quantity>
      <UnitOfMeasure>100 גרם</UnitOfMeasure>
      <bIsWeighted>0</bIsWeighted>
      <QtyInPackage>לא ידוע</QtyInPackage>
      <ItemPrice>17.90</ItemPrice>
      <UnitOfMeasurePrice>19.89</UnitOfMeasurePrice>
      <AllowDiscount>1</AllowDiscount>
      <ItemStatus/>
    </Item>
    <Item>
      <PriceUpdateTime>2025-06-09T11:57:08.000</PriceUpdateTime>
      <ItemCode>3600542431828</ItemCode>
      <LastSaleDateTime>2026-01-28T19:31:43.000</LastSaleDateTime>
      <ItemType>1</ItemType>
      <ItemName>קולור נטורלס גוון 1</ItemName>
      <ManufactureName>לא ידוע</ManufactureName>
      <ManufactureCountry>לא ידוע</ManufactureCountry>
      <ManufactureItemDescription>קולור נטורלס גוון 1</ManufactureItemDescription>
      <UnitQty>לא ידוע</UnitQty>
      <Quantity>1.00</Quantity>
      <UnitOfMeasure>יח'</UnitOfMeasure>
      <bIsWeighted>0</bIsWeighted>
      <QtyInPackage>לא ידוע</QtyInPackage>
      <ItemPrice>19.90</ItemPrice>
      <UnitOfMeasurePrice>19.90</UnitOfMeasurePrice>
      <AllowDiscount>1</AllowDiscount>
      <ItemStatus/>
    </Item>
    <Item>
      <PriceUpdateTime>2025-06-09T11:57:08.000</PriceUpdateTime>
      <ItemCode>3600542431903</ItemCode>
      <LastSaleDateTime>2026-01-28T13:24:49.000</LastSaleDateTime>
      <ItemType>1</ItemType>
      <ItemName>קולור נטורלס 10 בלונ</ItemName>
      <ManufactureName>לא ידוע</ManufactureName>
      <ManufactureCountry>לא ידוע</ManufactureCountry>
      <ManufactureItemDescription>קולור נטורלס 10 בלונ</ManufactureItemDescription>
      <UnitQty>גרם</UnitQty>
      <Quantity>112.00</Quantity>
      <UnitOfMeasure>100 גרם</UnitOfMeasure>
      <bIsWeighted>0</bIsWeighted>
      <QtyInPackage>לא ידוע</QtyInPackage>
      <ItemPrice>19.90</ItemPrice>
      <UnitOfMeasurePrice>17.77</UnitOfMeasurePrice>
      <AllowDiscount>1</AllowDiscount>
      <ItemStatus/>
    </Item>
    <Item>
      <PriceUpdateTime>2025-06-09T11:57:09.000</PriceUpdateTime>
      <ItemCode>5000277001019</ItemCode>
      <LastSaleDateTime>2026-01-26T16:57:24.000</LastSaleDateTime>
      <ItemType>1</ItemType>
      <ItemName>וויסקי דיוארס וויט ל</ItemName>
      <ManufactureName>לא ידוע</ManufactureName>
      <ManufactureCountry>לא ידוע</ManufactureCountry>
      <ManufactureItemDescription>וויסקי דיוארס וויט ל</ManufactureItemDescription>
      <UnitQty>לא ידוע</UnitQty>
      <Quantity>700.00</Quantity>
      <UnitOfMeasure>100 מ"ל</UnitOfMeasure>
      <bIsWeighted>0</bIsWeighted>
      <QtyInPackage>לא ידוע</QtyInPackage>
      <ItemPrice>89.90</ItemPrice>
      <UnitOfMeasurePrice>0.13</UnitOfMeasurePrice>
      <AllowDiscount>1</AllowDiscount>
      <ItemStatus/>
    </Item>
    <Item>
      <PriceUpdateTime>2025-06-09T11:57:09.000</PriceUpdateTime>
      <ItemCode>5000204220933</ItemCode>
      <LastSaleDateTime>2026-01-28T12:10:59.000</LastSaleDateTime>
      <ItemType>1</ItemType>
      <ItemName>רייד קוטל מעופפים אק</ItemName>
      <ManufactureName>לא ידוע</ManufactureName>
      <ManufactureCountry>לא ידוע</ManufactureCountry>
      <ManufactureItemDescription>רייד קוטל מעופפים אק</ManufactureItemDescription>
      <UnitQty>לא ידוע</UnitQty>
      <Quantity>300.00</Quantity>
      <UnitOfMeasure>100 מ"ל</UnitOfMeasure>
      <bIsWeighted>0</bIsWeighted>
      <QtyInPackage>לא ידוע</QtyInPackage>
      <ItemPrice>13.90</ItemPrice>
      <UnitOfMeasurePrice>0.05</UnitOfMeasurePrice>
      <AllowDiscount>1</AllowDiscount>
      <ItemStatus/>
    </Item>
    <Item>
      <PriceUpdateTime>2025-06-09T11:57:09.000</PriceUpdateTime>
      <ItemCode>5010182997680</ItemCode>
      <LastSaleDateTime>2026-01-22T14:34:08.000</LastSaleDateTime>
      <ItemType>1</ItemType>
      <ItemName>רייד קוטל נמלים 300מ</ItemName>
      <ManufactureName>רייד</ManufactureName>
      <ManufactureCountry>הולנד</ManufactureCountry>
      <ManufactureItemDescription>RAIDקוטל נמלים 300מ"ל</ManufactureItemDescription>
      <UnitQty>לא ידוע</UnitQty>
      <Quantity>300.00</Quantity>
      <UnitOfMeasure>100 מ"ל</UnitOfMeasure>
      <bIsWeighted>0</bIsWeighted>
      <QtyInPackage>לא ידוע</QtyInPackage>
      <ItemPrice>13.90</ItemPrice>
      <UnitOfMeasurePrice>0.05</UnitOfMeasurePrice>
      <AllowDiscount>1</AllowDiscount>
      <ItemStatus/>
    </Item>
    <Item>
      <PriceUpdateTime>2025-06-09T11:57:10.000</PriceUpdateTime>
      <ItemCode>7290001594568</ItemCode>
      <LastSaleDateTime>2026-01-28T21:55:33.000</LastSaleDateTime>
      <ItemType>1</ItemType>
      <ItemName>בירה בפחית קרלסברג 5</ItemName>
      <ManufactureName>קוקה קולה</ManufactureName>
      <ManufactureCountry>לא ידוע</ManufactureCountry>
      <ManufactureItemDescription>בירה בפחית קרלסברג 5</ManufactureItemDescription>
      <UnitQty>לא ידוע</UnitQty>
      <Quantity>500.00</Quantity>
      <UnitOfMeasure>100 מ"ל</UnitOfMeasure>
      <bIsWeighted>0</bIsWeighted>
      <QtyInPackage>לא ידוע</QtyInPackage>
      <ItemPrice>8.90</ItemPrice>
      <UnitOfMeasurePrice>0.02</UnitOfMeasurePrice>
      <AllowDiscount>1</AllowDiscount>
      <ItemStatus/>
    </Item>
    <Item>
      <PriceUpdateTime>2025-06-09T11:57:10.000</PriceUpdateTime>
      <ItemCode>7290001594575</ItemCode>
      <LastSaleDateTime>2026-01-13T19:49:42.000</LastSaleDateTime>
      <ItemType>1</ItemType>
      <ItemName>בירה טובורג בפחית 50</ItemName>
      <ManufactureName>טובורג</ManufactureName>
      <ManufactureCountry>לא ידוע</ManufactureCountry>
      <ManufactureItemDescription>בירה טובורג בפחית 50</ManufactureItemDescription>
      <UnitQty>לא ידוע</UnitQty>
      <Quantity>500.00</Quantity>
      <UnitOfMeasure>100 מ"ל</UnitOfMeasure>
      <bIsWeighted>0</bIsWeighted>
      <QtyInPackage>לא ידוע</QtyInPackage>
      <ItemPrice>8.90</ItemPrice>
      <UnitOfMeasurePrice>0.02</UnitOfMeasurePrice>
      <AllowDiscount>1</AllowDiscount>
      <ItemStatus/>
    </Item>
    <Item>
      <PriceUpdateTime>2025-06-09T11:57:10.000</PriceUpdateTime>
      <ItemCode>7290002026587</ItemCode>
      <LastSaleDateTime>2026-01-28T15:00:25.000</LastSaleDateTime>
      <ItemType>1</ItemType>
      <ItemName>ופל בלגי בראנץ קפוא</ItemName>
      <ManufactureName>לא ידוע</ManufactureName>
      <ManufactureCountry>לא ידוע</ManufactureCountry>
      <ManufactureItemDescription>ופל בלגי בראנץ קפוא</ManufactureItemDescription>
      <UnitQty>גרם</UnitQty>
      <Quantity>280.00</Quantity>
      <UnitOfMeasure>100 גרם</UnitOfMeasure>
      <bIsWeighted>0</bIsWeighted>
      <QtyInPackage>לא ידוע</QtyInPackage>
      <ItemPrice>12.90</ItemPrice>
      <UnitOfMeasurePrice>4.61</UnitOfMeasurePrice>
      <AllowDiscount>1</AllowDiscount>
      <ItemStatus/>
    </Item>
    <Item>
      <PriceUpdateTime>2025-06-09T11:57:10.000</PriceUpdateTime>
      <ItemCode>7290000318042</ItemCode>
      <LastSaleDateTime>2026-01-28T12:12:50.000</LastSaleDateTime>
      <ItemType>1</ItemType>
      <ItemName>רוסטביף 150גר יחיעם</ItemName>
      <ManufactureName>לא ידוע</ManufactureName>
      <ManufactureCountry>לא ידוע</ManufactureCountry>
      <ManufactureItemDescription>רוסטביף 150גר יחיעם</ManufactureItemDescription>
      <UnitQty>גרם</UnitQty>
      <Quantity>150.00</Quantity>
      <UnitOfMeasure>100 גרם</UnitOfMeasure>
      <bIsWeighted>0</bIsWeighted>
      <QtyInPackage>לא ידוע</QtyInPackage>
      <ItemPrice>27.90</ItemPrice>
      <UnitOfMeasurePrice>18.60</UnitOfMeasurePrice>
      <AllowDiscount>1</AllowDiscount>
      <ItemStatus/>
    </Item>
    <Item>
      <PriceUpdateTime>2025-06-09T11:57:10.000</PriceUpdateTime>
      <ItemCode>7290001567807</ItemCode>
      <LastSaleDateTime>2026-01-22T12:14:09.000</LastSaleDateTime>
      <ItemType>1</ItemType>
      <ItemName>כתף בקר מעושן 250 גר</ItemName>
      <ManufactureName>לא ידוע</ManufactureName>
      <ManufactureCountry>לא ידוע</ManufactureCountry>
      <ManufactureItemDescription>כתף בקר מעושן 250 גר</ManufactureItemDescription>
      <UnitQty>גרם</UnitQty>
      <Quantity>250.00</Quantity>
      <UnitOfMeasure>100 גרם</UnitOfMeasure>
      <bIsWeighted>0</bIsWeighted>
      <QtyInPackage>לא ידוע</QtyInPackage>
      <ItemPrice>31.90</ItemPrice>
      <UnitOfMeasurePrice>12.76</UnitOfMeasurePrice>
      <AllowDiscount>1</AllowDiscount>
      <ItemStatus/>
    </Item>
    <Item>
      <PriceUpdateTime>2025-06-09T11:57:12.000</PriceUpdateTime>
      <ItemCode>7290013848345</ItemCode>
      <LastSaleDateTime>2026-01-22T20:10:40.000</LastSaleDateTime>
      <ItemType>1</ItemType>
      <ItemName>סנו מטליות לחיטוי ול</ItemName>
      <ManufactureName>לא ידוע</ManufactureName>
      <ManufactureCountry>לא ידוע</ManufactureCountry>
      <ManufactureItemDescription>סנו מטליות לחיטוי ול</ManufactureItemDescription>
      <UnitQty>לא ידוע</UnitQty>
      <Quantity>1.00</Quantity>
      <UnitOfMeasure>יח'</UnitOfMeasure>
      <bIsWeighted>0</bIsWeighted>
      <QtyInPackage>לא ידוע</QtyInPackage>
      <ItemPrice>17.80</ItemPrice>
      <UnitOfMeasurePrice>17.80</UnitOfMeasurePrice>
      <AllowDiscount>1</AllowDiscount>
      <ItemStatus/>
    </Item>
    <Item>
      <PriceUpdateTime>2025-06-09T11:57:12.000</PriceUpdateTime>
      <ItemCode>7290016162233</ItemCode>
      <LastSaleDateTime>2015-01-01T00:00:00.000</LastSaleDateTime>
      <ItemType>1</ItemType>
      <ItemName>עוגיות מיני מעמול 24</ItemName>
      <ManufactureName>לא ידוע</ManufactureName>
      <ManufactureCountry>לא ידוע</ManufactureCountry>
      <ManufactureItemDescription>עוגיות מיני מעמול 24</ManufactureItemDescription>
      <UnitQty>גרם</UnitQty>
      <Quantity>240.00</Quantity>
      <UnitOfMeasure>100 גרם</UnitOfMeasure>
      <bIsWeighted>0</bIsWeighted>
      <QtyInPackage>לא ידוע</QtyInPackage>
      <ItemPrice>19.90</ItemPrice>
      <UnitOfMeasurePrice>8.29</UnitOfMeasurePrice>
      <AllowDiscount>1</AllowDiscount>
      <ItemStatus>2</ItemStatus>
    </Item>
    <Item>
      <PriceUpdateTime>2025-06-09T11:57:13.000</PriceUpdateTime>
      <ItemCode>7290019056065</ItemCode>
      <LastSaleDateTime>2026-01-29T20:32:12.000</LastSaleDateTime>
      <ItemType>1</ItemType>
      <ItemName>שוופס מוגז עדין בטעם</ItemName>
      <ManufactureName>לא ידוע</ManufactureName>
      <ManufactureCountry>לא ידוע</ManufactureCountry>
      <ManufactureItemDescription>שוופס מוגז עדין בטעם</ManufactureItemDescription>
      <UnitQty>ליטר</UnitQty>
      <Quantity>1.50</Quantity>
      <UnitOfMeasure>ליטר    </UnitOfMeasure>
      <bIsWeighted>0</bIsWeighted>
      <QtyInPackage>לא ידוע</QtyInPackage>
      <ItemPrice>6.90</ItemPrice>
      <UnitOfMeasurePrice>4.60</UnitOfMeasurePrice>
      <AllowDiscount>1</AllowDiscount>
      <ItemStatus/>
    </Item>
    <Item>
      <PriceUpdateTime>2025-06-09T11:57:13.000</PriceUpdateTime>
      <ItemCode>7290019056072</ItemCode>
      <LastSaleDateTime>2026-01-22T16:18:23.000</LastSaleDateTime>
      <ItemType>1</ItemType>
      <ItemName>שוופס מוגז עדין בטעם</ItemName>
      <ManufactureName>לא ידוע</ManufactureName>
      <ManufactureCountry>לא ידוע</ManufactureCountry>
      <ManufactureItemDescription>שוופס מוגז עדין בטעם</ManufactureItemDescription>
      <UnitQty>ליטר</UnitQty>
      <Quantity>1.50</Quantity>
      <UnitOfMeasure>ליטר    </UnitOfMeasure>
      <bIsWeighted>0</bIsWeighted>
      <QtyInPackage>לא ידוע</QtyInPackage>
      <ItemPrice>6.90</ItemPrice>
      <UnitOfMeasurePrice>4.60</UnitOfMeasurePrice>
      <AllowDiscount>1</AllowDiscount>
      <ItemStatus/>
    </Item>
    <Item>
      <PriceUpdateTime>2025-06-09T11:57:13.000</PriceUpdateTime>
      <ItemCode>7290019398257</ItemCode>
      <LastSaleDateTime>2026-01-26T20:19:51.000</LastSaleDateTime>
      <ItemType>1</ItemType>
      <ItemName>בירה הוגארדן בקבוק 6</ItemName>
      <ManufactureName>לא ידוע</ManufactureName>
      <ManufactureCountry>לא ידוע</ManufactureCountry>
      <ManufactureItemDescription>בירה הוגארדן בקבוק 6</ManufactureItemDescription>
      <UnitQty>ליטר</UnitQty>
      <Quantity>1.98</Quantity>
      <UnitOfMeasure>ליטר    </UnitOfMeasure>
      <bIsWeighted>0</bIsWeighted>
      <QtyInPackage>לא ידוע</QtyInPackage>
      <ItemPrice>39.90</ItemPrice>
      <UnitOfMeasurePrice>20.15</UnitOfMeasurePrice>
      <AllowDiscount>1</AllowDiscount>
      <ItemStatus/>
    </Item>
    <Item>
      <PriceUpdateTime>2025-06-09T11:57:13.000</PriceUpdateTime>
      <ItemCode>7290017873725</ItemCode>
      <LastSaleDateTime>2026-01-29T21:49:45.000</LastSaleDateTime>
      <ItemType>1</ItemType>
      <ItemName>מגבונים לחים בניחוח</ItemName>
      <ManufactureName>לא ידוע</ManufactureName>
      <ManufactureCountry>לא ידוע</ManufactureCountry>
      <ManufactureItemDescription>מגבונים לחים בניחוח</ManufactureItemDescription>
      <UnitQty>לא ידוע</UnitQty>
      <Quantity>1.00</Quantity>
      <UnitOfMeasure>יח'</UnitOfMeasure>
      <bIsWeighted>0</bIsWeighted>
      <QtyInPackage>לא ידוע</QtyInPackage>
      <ItemPrice>24.90</ItemPrice>
      <UnitOfMeasurePrice>24.90</UnitOfMeasurePrice>
      <AllowDiscount>1</AllowDiscount>
      <ItemStatus/>
    </Item>
    <Item>
      <PriceUpdateTime>2025-06-09T11:57:14.000</PriceUpdateTime>
      <ItemCode>7290107649605</ItemCode>
      <LastSaleDateTime>2026-01-22T18:01:04.000</LastSaleDateTime>
      <ItemType>1</ItemType>
      <ItemName>קליק טבלת שוקולד קור</ItemName>
      <ManufactureName>לא ידוע</ManufactureName>
      <ManufactureCountry>לא ידוע</ManufactureCountry>
      <ManufactureItemDescription>קליק טבלת שוקולד קור</ManufactureItemDescription>
      <UnitQty>לא ידוע</UnitQty>
      <Quantity>1.00</Quantity>
      <UnitOfMeasure>יח'</UnitOfMeasure>
      <bIsWeighted>0</bIsWeighted>
      <QtyInPackage>לא ידוע</QtyInPackage>
      <ItemPrice>6.90</ItemPrice>
      <UnitOfMeasurePrice>6.90</UnitOfMeasurePrice>
      <AllowDiscount>1</AllowDiscount>
      <ItemStatus/>
    </Item>
    <Item>
      <PriceUpdateTime>2025-06-09T11:57:14.000</PriceUpdateTime>
      <ItemCode>7290108352207</ItemCode>
      <LastSaleDateTime>2026-01-28T16:53:49.000</LastSaleDateTime>
      <ItemType>1</ItemType>
      <ItemName>סנו מקסימה קפסולות ל</ItemName>
      <ManufactureName>לא ידוע</ManufactureName>
      <ManufactureCountry>לא ידוע</ManufactureCountry>
      <ManufactureItemDescription>סנו מקסימה קפסולות ל</ManufactureItemDescription>
      <UnitQty>גרם</UnitQty>
      <Quantity>840.00</Quantity>
      <UnitOfMeasure>100 גרם</UnitOfMeasure>
      <bIsWeighted>0</bIsWeighted>
      <QtyInPackage>לא ידוע</QtyInPackage>
      <ItemPrice>28.90</ItemPrice>
      <UnitOfMeasurePrice>3.44</UnitOfMeasurePrice>
      <AllowDiscount>1</AllowDiscount>
      <ItemStatus/>
    </Item>
    <Item>
      <PriceUpdateTime>2025-06-09T11:57:17.000</PriceUpdateTime>
      <ItemCode>7290115405798</ItemCode>
      <LastSaleDateTime>2015-01-01T00:00:00.000</LastSaleDateTime>
      <ItemType>1</ItemType>
      <ItemName>פחזניות ממולאות טעם</ItemName>
      <ManufactureName>לא ידוע</ManufactureName>
      <ManufactureCountry>לא ידוע</ManufactureCountry>
      <ManufactureItemDescription>פחזניות ממולאות טעם</ManufactureItemDescription>
      <UnitQty>גרם</UnitQty>
      <Quantity>180.00</Quantity>
      <UnitOfMeasure>100 גרם</UnitOfMeasure>
      <bIsWeighted>0</bIsWeighted>
      <QtyInPackage>לא ידוע</QtyInPackage>
      <ItemPrice>15.90</ItemPrice>
      <UnitOfMeasurePrice>8.83</UnitOfMeasurePrice>
      <AllowDiscount>1</AllowDiscount>
      <ItemStatus>2</ItemStatus>
    </Item>
    <Item>
      <PriceUpdateTime>2025-06-09T11:57:18.000</PriceUpdateTime>
      <ItemCode>7290115676051</ItemCode>
      <LastSaleDateTime>2026-01-29T09:48:14.000</LastSaleDateTime>
      <ItemType>1</ItemType>
      <ItemName>אקטיביה משקה במתיקות</ItemName>
      <ManufactureName>לא ידוע</ManufactureName>
      <ManufactureCountry>לא ידוע</ManufactureCountry>
      <ManufactureItemDescription>אקטיביה משקה במתיקות</ManufactureItemDescription>
      <UnitQty>לא ידוע</UnitQty>
      <Quantity>265.00</Quantity>
      <UnitOfMeasure>100 מ"ל</UnitOfMeasure>
      <bIsWeighted>0</bIsWeighted>
      <QtyInPackage>לא ידוע</QtyInPackage>
      <ItemPrice>5.30</ItemPrice>
      <UnitOfMeasurePrice>0.02</UnitOfMeasurePrice>
      <AllowDiscount>1</AllowDiscount>
      <ItemStatus/>
    </Item>
    <Item>
      <PriceUpdateTime>2025-06-09T11:57:18.000</PriceUpdateTime>
      <ItemCode>7290115405804</ItemCode>
      <LastSaleDateTime>2015-01-01T00:00:00.000</LastSaleDateTime>
      <ItemType>1</ItemType>
      <ItemName>פחזניות ממולאות טעם</ItemName>
      <ManufactureName>לא ידוע</ManufactureName>
      <ManufactureCountry>לא ידוע</ManufactureCountry>
      <ManufactureItemDescription>פחזניות ממולאות טעם</ManufactureItemDescription>
      <UnitQty>גרם</UnitQty>
      <Quantity>180.00</Quantity>
      <UnitOfMeasure>100 גרם</UnitOfMeasure>
      <bIsWeighted>0</bIsWeighted>
      <QtyInPackage>לא ידוע</QtyInPackage>
      <ItemPrice>15.90</ItemPrice>
      <UnitOfMeasurePrice>8.83</UnitOfMeasurePrice>
      <AllowDiscount>1</AllowDiscount>
      <ItemStatus>2</ItemStatus>
    </Item>
    <Item>
      <PriceUpdateTime>2025-06-09T11:57:19.000</PriceUpdateTime>
      <ItemCode>7290119039746</ItemCode>
      <LastSaleDateTime>2015-01-01T00:00:00.000</LastSaleDateTime>
      <ItemType>1</ItemType>
      <ItemName>עוגת פס דובוש קרמל 4</ItemName>
      <ManufactureName>לא ידוע</ManufactureName>
      <ManufactureCountry>לא ידוע</ManufactureCountry>
      <ManufactureItemDescription>עוגת פס דובוש קרמל 4</ManufactureItemDescription>
      <UnitQty>גרם</UnitQty>
      <Quantity>400.00</Quantity>
      <UnitOfMeasure>100 גרם</UnitOfMeasure>
      <bIsWeighted>0</bIsWeighted>
      <QtyInPackage>לא ידוע</QtyInPackage>
      <ItemPrice>44.90</ItemPrice>
      <UnitOfMeasurePrice>11.22</UnitOfMeasurePrice>
      <AllowDiscount>1</AllowDiscount>
      <ItemStatus>2</ItemStatus>
    </Item>
    <Item>
      <PriceUpdateTime>2025-06-09T11:57:20.000</PriceUpdateTime>
      <ItemCode>7622210163899</ItemCode>
      <LastSaleDateTime>2026-01-29T17:51:42.000</LastSaleDateTime>
      <ItemType>1</ItemType>
      <ItemName>שוקולד מילקה ועדשים</ItemName>
      <ManufactureName>לא ידוע</ManufactureName>
      <ManufactureCountry>לא ידוע</ManufactureCountry>
      <ManufactureItemDescription>שוקולד מילקה ועדשים</ManufactureItemDescription>
      <UnitQty>גרם</UnitQty>
      <Quantity>100.00</Quantity>
      <UnitOfMeasure>100 גרם</UnitOfMeasure>
      <bIsWeighted>0</bIsWeighted>
      <QtyInPackage>לא ידוע</QtyInPackage>
      <ItemPrice>7.90</ItemPrice>
      <UnitOfMeasurePrice>7.90</UnitOfMeasurePrice>
      <AllowDiscount>1</AllowDiscount>
      <ItemStatus/>
    </Item>
    <Item>
      <PriceUpdateTime>2025-06-09T11:57:21.000</PriceUpdateTime>
      <ItemCode>8717163647301</ItemCode>
      <LastSaleDateTime>2026-01-22T18:41:51.000</LastSaleDateTime>
      <ItemType>1</ItemType>
      <ItemName>אקס ספריי אנטי פספרנ</ItemName>
      <ManufactureName>לא ידוע</ManufactureName>
      <ManufactureCountry>לא ידוע</ManufactureCountry>
      <ManufactureItemDescription>אקס ספריי אנטי פספרנ</ManufactureItemDescription>
      <UnitQty>לא ידוע</UnitQty>
      <Quantity>150.00</Quantity>
      <UnitOfMeasure>100 מ"ל</UnitOfMeasure>
      <bIsWeighted>0</bIsWeighted>
      <QtyInPackage>לא ידוע</QtyInPackage>
      <ItemPrice>17.90</ItemPrice>
      <UnitOfMeasurePrice>0.12</UnitOfMeasurePrice>
      <AllowDiscount>1</AllowDiscount>
      <ItemStatus/>
    </Item>
    <Item>
      <PriceUpdateTime>2025-06-09T14:54:42.000</PriceUpdateTime>
      <ItemCode>5035766060253</ItemCode>
      <LastSaleDateTime>2015-01-01T00:00:00.000</LastSaleDateTime>
      <ItemType>1</ItemType>
      <ItemName>מרפיס 500מל פחית</ItemName>
      <ManufactureName>טמפו</ManufactureName>
      <ManufactureCountry>אירלנד</ManufactureCountry>
      <ManufactureItemDescription>מרפיס 500 פחית 24 יח'</ManufactureItemDescription>
      <UnitQty>לא ידוע</UnitQty>
      <Quantity>500.00</Quantity>
      <UnitOfMeasure>100 מ"ל</UnitOfMeasure>
      <bIsWeighted>0</bIsWeighted>
      <QtyInPackage>לא ידוע</QtyInPackage>
      <ItemPrice>15.90</ItemPrice>
      <UnitOfMeasurePrice>0.03</UnitOfMeasurePrice>
      <AllowDiscount>1</AllowDiscount>
      <ItemStatus>2</ItemStatus>
    </Item>
    <Item>
      <PriceUpdateTime>2025-06-09T14:54:42.000</PriceUpdateTime>
      <ItemCode>5035766060253</ItemCode>
      <LastSaleDateTime>2015-01-01T00:00:00.000</LastSaleDateTime>
      <ItemType>1</ItemType>
      <ItemName>מרפיס 500מל פחית</ItemName>
      <ManufactureName>טמפו</ManufactureName>
      <ManufactureCountry>אירלנד</ManufactureCountry>
      <ManufactureItemDescription>מרפיס 500 פחית 24 יח'</ManufactureItemDescription>
      <UnitQty>לא ידוע</UnitQty>
      <Quantity>500.00</Quantity>
      <UnitOfMeasure>100 מ"ל</UnitOfMeasure>
      <bIsWeighted>0</bIsWeighted>
      <QtyInPackage>לא ידוע</QtyInPackage>
      <ItemPrice>15.90</ItemPrice>
      <UnitOfMeasurePrice>0.03</UnitOfMeasurePrice>
      <AllowDiscount>1</AllowDiscount>
      <ItemStatus/>
    </Item>
    <Item>
      <PriceUpdateTime>2025-06-09T14:54:42.000</PriceUpdateTime>
      <ItemCode>7290000024202</ItemCode>
      <LastSaleDateTime>2025-11-21T00:00:00.000</LastSaleDateTime>
      <ItemType>1</ItemType>
      <ItemName>רזרב קברנה סוביניון</ItemName>
      <ManufactureName>טמפו</ManufactureName>
      <ManufactureCountry>ישראל</ManufactureCountry>
      <ManufactureItemDescription>רזרב קברנה סוביניון 750 מ</ManufactureItemDescription>
      <UnitQty>לא ידוע</UnitQty>
      <Quantity>750.00</Quantity>
      <UnitOfMeasure>100 מ"ל</UnitOfMeasure>
      <bIsWeighted>0</bIsWeighted>
      <QtyInPackage>לא ידוע</QtyInPackage>
      <ItemPrice>44.90</ItemPrice>
      <UnitOfMeasurePrice>0.06</UnitOfMeasurePrice>
      <AllowDiscount>1</AllowDiscount>
      <ItemStatus/>
    </Item>
    <Item>
      <PriceUpdateTime>2025-06-09T14:54:42.000</PriceUpdateTime>
      <ItemCode>7290000024264</ItemCode>
      <LastSaleDateTime>2025-07-25T00:00:00.000</LastSaleDateTime>
      <ItemType>1</ItemType>
      <ItemName>רזרב מרלו 750 מ"ל 20</ItemName>
      <ManufactureName>טמפו</ManufactureName>
      <ManufactureCountry>ישראל</ManufactureCountry>
      <ManufactureItemDescription>רזרב מרלו 750 מ"ל 2010</ManufactureItemDescription>
      <UnitQty>לא ידוע</UnitQty>
      <Quantity>750.00</Quantity>
      <UnitOfMeasure>100 מ"ל</UnitOfMeasure>
      <bIsWeighted>0</bIsWeighted>
      <QtyInPackage>לא ידוע</QtyInPackage>
      <ItemPrice>44.90</ItemPrice>
      <UnitOfMeasurePrice>0.06</UnitOfMeasurePrice>
      <AllowDiscount>1</AllowDiscount>
      <ItemStatus>2</ItemStatus>
    </Item>
    <Item>
      <PriceUpdateTime>2025-06-09T14:54:42.000</PriceUpdateTime>
      <ItemCode>7290000024264</ItemCode>
      <LastSaleDateTime>2025-07-25T00:00:00.000</LastSaleDateTime>
      <ItemType>1</ItemType>
      <ItemName>רזרב מרלו 750 מ"ל 20</ItemName>
      <ManufactureName>טמפו</ManufactureName>
      <ManufactureCountry>ישראל</ManufactureCountry>
      <ManufactureItemDescription>רזרב מרלו 750 מ"ל 2010</ManufactureItemDescription>
      <UnitQty>לא ידוע</UnitQty>
      <Quantity>750.00</Quantity>
      <UnitOfMeasure>100 מ"ל</UnitOfMeasure>
      <bIsWeighted>0</bIsWeighted>
      <QtyInPackage>לא ידוע</QtyInPackage>
      <ItemPrice>44.90</ItemPrice>
      <UnitOfMeasurePrice>0.06</UnitOfMeasurePrice>
      <AllowDiscount>1</AllowDiscount>
      <ItemStatus/>
    </Item>
    <Item>
      <PriceUpdateTime>2025-06-09T14:54:42.000</PriceUpdateTime>
      <ItemCode>7290000521404</ItemCode>
      <LastSaleDateTime>2025-11-14T00:00:00.000</LastSaleDateTime>
      <ItemType>1</ItemType>
      <ItemName>מרום גליל קברנה סובי</ItemName>
      <ManufactureName>טמפו</ManufactureName>
      <ManufactureCountry>ישראל</ManufactureCountry>
      <ManufactureItemDescription>מרום גליל קברנה סוביניון</ManufactureItemDescription>
      <UnitQty>לא ידוע</UnitQty>
      <Quantity>750.00</Quantity>
      <UnitOfMeasure>100 מ"ל</UnitOfMeasure>
      <bIsWeighted>0</bIsWeighted>
      <QtyInPackage>לא ידוע</QtyInPackage>
      <ItemPrice>39.90</ItemPrice>
      <UnitOfMeasurePrice>0.05</UnitOfMeasurePrice>
      <AllowDiscount>1</AllowDiscount>
      <ItemStatus/>
    </Item>
    <Item>
      <PriceUpdateTime>2025-06-09T14:54:42.000</PriceUpdateTime>
      <ItemCode>7290000521411</ItemCode>
      <LastSaleDateTime>2015-01-01T00:00:00.000</LastSaleDateTime>
      <ItemType>1</ItemType>
      <ItemName>מרום גליל מרלו סינגל</ItemName>
      <ManufactureName>טמפו</ManufactureName>
      <ManufactureCountry>ישראל</ManufactureCountry>
      <ManufactureItemDescription>מרום גליל מרלו סינגל 750</ManufactureItemDescription>
      <UnitQty>לא ידוע</UnitQty>
      <Quantity>750.00</Quantity>
      <UnitOfMeasure>100 מ"ל</UnitOfMeasure>
      <bIsWeighted>0</bIsWeighted>
      <QtyInPackage>לא ידוע</QtyInPackage>
      <ItemPrice>39.90</ItemPrice>
      <UnitOfMeasurePrice>0.05</UnitOfMeasurePrice>
      <AllowDiscount>1</AllowDiscount>
      <ItemStatus>2</ItemStatus>
    </Item>
    <Item>
      <PriceUpdateTime>2025-06-09T14:54:42.000</PriceUpdateTime>
      <ItemCode>7290000521411</ItemCode>
      <LastSaleDateTime>2015-01-01T00:00:00.000</LastSaleDateTime>
      <ItemType>1</ItemType>
      <ItemName>מרום גליל מרלו סינגל</ItemName>
      <ManufactureName>טמפו</ManufactureName>
      <ManufactureCountry>ישראל</ManufactureCountry>
      <ManufactureItemDescription>מרום גליל מרלו סינגל 750</ManufactureItemDescription>
      <UnitQty>לא ידוע</UnitQty>
      <Quantity>750.00</Quantity>
      <UnitOfMeasure>100 מ"ל</UnitOfMeasure>
      <bIsWeighted>0</bIsWeighted>
      <QtyInPackage>לא ידוע</QtyInPackage>
      <ItemPrice>39.90</ItemPrice>
      <UnitOfMeasurePrice>0.05</UnitOfMeasurePrice>
      <AllowDiscount>1</AllowDiscount>
      <ItemStatus/>
    </Item>
    <Item>
      <PriceUpdateTime>2025-06-09T14:54:42.000</PriceUpdateTime>
      <ItemCode>7290006764072</ItemCode>
      <LastSaleDateTime>2025-08-28T00:00:00.000</LastSaleDateTime>
      <ItemType>1</ItemType>
      <ItemName>בירה גולדסטאר 500 בק</ItemName>
      <ManufactureName>טמפו</ManufactureName>
      <ManufactureCountry>ישראל</ManufactureCountry>
      <ManufactureItemDescription>גולדסטאר חוזר 500 בקבוק 2</ManufactureItemDescription>
      <UnitQty>לא ידוע</UnitQty>
      <Quantity>500.00</Quantity>
      <UnitOfMeasure>100 מ"ל</UnitOfMeasure>
      <bIsWeighted>0</bIsWeighted>
      <QtyInPackage>לא ידוע</QtyInPackage>
      <ItemPrice>7.90</ItemPrice>
      <UnitOfMeasurePrice>0.02</UnitOfMeasurePrice>
      <AllowDiscount>1</AllowDiscount>
      <ItemStatus>2</ItemStatus>
    </Item>
    <Item>
      <PriceUpdateTime>2025-06-09T14:54:42.000</PriceUpdateTime>
      <ItemCode>7290006764072</ItemCode>
      <LastSaleDateTime>2025-08-28T00:00:00.000</LastSaleDateTime>
      <ItemType>1</ItemType>
      <ItemName>בירה גולדסטאר 500 בק</ItemName>
      <ManufactureName>טמפו</ManufactureName>
      <ManufactureCountry>ישראל</ManufactureCountry>
      <ManufactureItemDescription>גולדסטאר חוזר 500 בקבוק 2</ManufactureItemDescription>
      <UnitQty>לא ידוע</UnitQty>
      <Quantity>500.00</Quantity>
      <UnitOfMeasure>100 מ"ל</UnitOfMeasure>
      <bIsWeighted>0</bIsWeighted>
      <QtyInPackage>לא ידוע</QtyInPackage>
      <ItemPrice>7.90</ItemPrice>
      <UnitOfMeasurePrice>0.02</UnitOfMeasurePrice>
      <AllowDiscount>1</AllowDiscount>
      <ItemStatus/>
    </Item>
    <Item>
      <PriceUpdateTime>2025-06-09T14:54:42.000</PriceUpdateTime>
      <ItemCode>7290008464222</ItemCode>
      <LastSaleDateTime>2026-01-20T19:10:06.000</LastSaleDateTime>
      <ItemType>1</ItemType>
      <ItemName>בירה מכבי 7.9 פחית 5</ItemName>
      <ManufactureName>מכבי</ManufactureName>
      <ManufactureCountry>לא ידוע</ManufactureCountry>
      <ManufactureItemDescription>בירה מכבי 7.9 פחית 5</ManufactureItemDescription>
      <UnitQty>לא ידוע</UnitQty>
      <Quantity>500.00</Quantity>
      <UnitOfMeasure>100 מ"ל</UnitOfMeasure>
      <bIsWeighted>0</bIsWeighted>
      <QtyInPackage>לא ידוע</QtyInPackage>
      <ItemPrice>7.90</ItemPrice>
      <UnitOfMeasurePrice>0.02</UnitOfMeasurePrice>
      <AllowDiscount>1</AllowDiscount>
      <ItemStatus/>
    </Item>
    <Item>
      <PriceUpdateTime>2025-06-09T14:54:42.000</PriceUpdateTime>
      <ItemCode>7290008464468</ItemCode>
      <LastSaleDateTime>2026-01-23T09:01:43.000</LastSaleDateTime>
      <ItemType>1</ItemType>
      <ItemName>בירה גולדסטאר 500 פח</ItemName>
      <ManufactureName>טמפו</ManufactureName>
      <ManufactureCountry>ישראל</ManufactureCountry>
      <ManufactureItemDescription>גולדסטאר 500 פחית 24 יח'</ManufactureItemDescription>
      <UnitQty>לא ידוע</UnitQty>
      <Quantity>500.00</Quantity>
      <UnitOfMeasure>100 מ"ל</UnitOfMeasure>
      <bIsWeighted>0</bIsWeighted>
      <QtyInPackage>לא ידוע</QtyInPackage>
      <ItemPrice>7.90</ItemPrice>
      <UnitOfMeasurePrice>0.02</UnitOfMeasurePrice>
      <AllowDiscount>1</AllowDiscount>
      <ItemStatus/>
    </Item>
    <Item>
      <PriceUpdateTime>2025-06-09T14:54:43.000</PriceUpdateTime>
      <ItemCode>7290010237890</ItemCode>
      <LastSaleDateTime>2025-08-29T00:00:00.000</LastSaleDateTime>
      <ItemType>1</ItemType>
      <ItemName>בירה היינקן 500 בקבו</ItemName>
      <ManufactureName>טמפו</ManufactureName>
      <ManufactureCountry>ישראל</ManufactureCountry>
      <ManufactureItemDescription>היינקן חוזר 500 בקבוק 20</ManufactureItemDescription>
      <UnitQty>לא ידוע</UnitQty>
      <Quantity>500.00</Quantity>
      <UnitOfMeasure>100 מ"ל</UnitOfMeasure>
      <bIsWeighted>0</bIsWeighted>
      <QtyInPackage>לא ידוע</QtyInPackage>
      <ItemPrice>9.90</ItemPrice>
      <UnitOfMeasurePrice>0.02</UnitOfMeasurePrice>
      <AllowDiscount>1</AllowDiscount>
      <ItemStatus>2</ItemStatus>
    </Item>
    <Item>
      <PriceUpdateTime>2025-06-09T14:54:43.000</PriceUpdateTime>
      <ItemCode>7290010237890</ItemCode>
      <LastSaleDateTime>2025-08-29T00:00:00.000</LastSaleDateTime>
      <ItemType>1</ItemType>
      <ItemName>בירה היינקן 500 בקבו</ItemName>
      <ManufactureName>טמפו</ManufactureName>
      <ManufactureCountry>ישראל</ManufactureCountry>
      <ManufactureItemDescription>היינקן חוזר 500 בקבוק 20</ManufactureItemDescription>
      <UnitQty>לא ידוע</UnitQty>
      <Quantity>500.00</Quantity>
      <UnitOfMeasure>100 מ"ל</UnitOfMeasure>
      <bIsWeighted>0</bIsWeighted>
      <QtyInPackage>לא ידוע</QtyInPackage>
      <ItemPrice>9.90</ItemPrice>
      <UnitOfMeasurePrice>0.02</UnitOfMeasurePrice>
      <AllowDiscount>1</AllowDiscount>
      <ItemStatus/>
    </Item>
    <Item>
      <PriceUpdateTime>2025-06-09T14:54:43.000</PriceUpdateTime>
      <ItemCode>7290012576591</ItemCode>
      <LastSaleDateTime>2015-01-01T00:00:00.000</LastSaleDateTime>
      <ItemType>1</ItemType>
      <ItemName>גוורצטרמינר רזרב 750</ItemName>
      <ManufactureName>טמפו</ManufactureName>
      <ManufactureCountry>ישראל</ManufactureCountry>
      <ManufactureItemDescription>גוורצטרמינר רזרב 750 מ"ל</ManufactureItemDescription>
      <UnitQty>לא ידוע</UnitQty>
      <Quantity>750.00</Quantity>
      <UnitOfMeasure>100 מ"ל</UnitOfMeasure>
      <bIsWeighted>0</bIsWeighted>
      <QtyInPackage>לא ידוע</QtyInPackage>
      <ItemPrice>44.90</ItemPrice>
      <UnitOfMeasurePrice>0.06</UnitOfMeasurePrice>
      <AllowDiscount>1</AllowDiscount>
      <ItemStatus>2</ItemStatus>
    </Item>
    <Item>
      <PriceUpdateTime>2025-06-09T14:54:43.000</PriceUpdateTime>
      <ItemCode>7290012576591</ItemCode>
      <LastSaleDateTime>2015-01-01T00:00:00.000</LastSaleDateTime>
      <ItemType>1</ItemType>
      <ItemName>גוורצטרמינר רזרב 750</ItemName>
      <ManufactureName>טמפו</ManufactureName>
      <ManufactureCountry>ישראל</ManufactureCountry>
      <ManufactureItemDescription>גוורצטרמינר רזרב 750 מ"ל</ManufactureItemDescription>
      <UnitQty>לא ידוע</UnitQty>
      <Quantity>750.00</Quantity>
      <UnitOfMeasure>100 מ"ל</UnitOfMeasure>
      <bIsWeighted>0</bIsWeighted>
      <QtyInPackage>לא ידוע</QtyInPackage>
      <ItemPrice>44.90</ItemPrice>
      <UnitOfMeasurePrice>0.06</UnitOfMeasurePrice>
      <AllowDiscount>1</AllowDiscount>
      <ItemStatus/>
    </Item>
    <Item>
      <PriceUpdateTime>2025-06-09T14:54:43.000</PriceUpdateTime>
      <ItemCode>7290012576607</ItemCode>
      <LastSaleDateTime>2025-11-02T00:00:00.000</LastSaleDateTime>
      <ItemType>1</ItemType>
      <ItemName>פרמייר קברנה סוביניו</ItemName>
      <ManufactureName>טמפו</ManufactureName>
      <ManufactureCountry>ישראל</ManufactureCountry>
      <ManufactureItemDescription>פרמייר קברנה סוביניון אדו</ManufactureItemDescription>
      <UnitQty>לא ידוע</UnitQty>
      <Quantity>750.00</Quantity>
      <UnitOfMeasure>100 מ"ל</UnitOfMeasure>
      <bIsWeighted>0</bIsWeighted>
      <QtyInPackage>לא ידוע</QtyInPackage>
      <ItemPrice>27.90</ItemPrice>
      <UnitOfMeasurePrice>0.04</UnitOfMeasurePrice>
      <AllowDiscount>1</AllowDiscount>
      <ItemStatus/>
    </Item>
    <Item>
      <PriceUpdateTime>2025-06-09T14:54:43.000</PriceUpdateTime>
      <ItemCode>7290012576614</ItemCode>
      <LastSaleDateTime>2015-01-01T00:00:00.000</LastSaleDateTime>
      <ItemType>1</ItemType>
      <ItemName>פרמייר אמרלד ריזלינג</ItemName>
      <ManufactureName>טמפו</ManufactureName>
      <ManufactureCountry>ישראל</ManufactureCountry>
      <ManufactureItemDescription>פרמייר אמרלד ריזלינג לבן</ManufactureItemDescription>
      <UnitQty>לא ידוע</UnitQty>
      <Quantity>750.00</Quantity>
      <UnitOfMeasure>100 מ"ל</UnitOfMeasure>
      <bIsWeighted>0</bIsWeighted>
      <QtyInPackage>לא ידוע</QtyInPackage>
      <ItemPrice>27.90</ItemPrice>
      <UnitOfMeasurePrice>0.04</UnitOfMeasurePrice>
      <AllowDiscount>1</AllowDiscount>
      <ItemStatus>2</ItemStatus>
    </Item>
    <Item>
      <PriceUpdateTime>2025-06-09T14:54:43.000</PriceUpdateTime>
      <ItemCode>7290012576614</ItemCode>
      <LastSaleDateTime>2015-01-01T00:00:00.000</LastSaleDateTime>
      <ItemType>1</ItemType>
      <ItemName>פרמייר אמרלד ריזלינג</ItemName>
      <ManufactureName>טמפו</ManufactureName>
      <ManufactureCountry>ישראל</ManufactureCountry>
      <ManufactureItemDescription>פרמייר אמרלד ריזלינג לבן</ManufactureItemDescription>
      <UnitQty>לא ידוע</UnitQty>
      <Quantity>750.00</Quantity>
      <UnitOfMeasure>100 מ"ל</UnitOfMeasure>
      <bIsWeighted>0</bIsWeighted>
      <QtyInPackage>לא ידוע</QtyInPackage>
      <ItemPrice>27.90</ItemPrice>
      <UnitOfMeasurePrice>0.04</UnitOfMeasurePrice>
      <AllowDiscount>1</AllowDiscount>
      <ItemStatus/>
    </Item>
    <Item>
      <PriceUpdateTime>2025-06-09T14:54:43.000</PriceUpdateTime>
      <ItemCode>8410644611203</ItemCode>
      <LastSaleDateTime>2015-01-01T00:00:00.000</LastSaleDateTime>
      <ItemType>1</ItemType>
      <ItemName>קאווה איבריקה לבן יב</ItemName>
      <ManufactureName>טמפו</ManufactureName>
      <ManufactureCountry>ישראל</ManufactureCountry>
      <ManufactureItemDescription>קאווה איבריקה לבן יבש 750</ManufactureItemDescription>
      <UnitQty>לא ידוע</UnitQty>
      <Quantity>750.00</Quantity>
      <UnitOfMeasure>100 מ"ל</UnitOfMeasure>
      <bIsWeighted>0</bIsWeighted>
      <QtyInPackage>לא ידוע</QtyInPackage>
      <ItemPrice>35.90</ItemPrice>
      <UnitOfMeasurePrice>0.05</UnitOfMeasurePrice>
      <AllowDiscount>1</AllowDiscount>
      <ItemStatus>2</ItemStatus>
    </Item>
    <Item>
      <PriceUpdateTime>2025-06-09T14:54:43.000</PriceUpdateTime>
      <ItemCode>8410644611203</ItemCode>
      <LastSaleDateTime>2015-01-01T00:00:00.000</LastSaleDateTime>
      <ItemType>1</ItemType>
      <ItemName>קאווה איבריקה לבן יב</ItemName>
      <ManufactureName>טמפו</ManufactureName>
      <ManufactureCountry>ישראל</ManufactureCountry>
      <ManufactureItemDescription>קאווה איבריקה לבן יבש 750</ManufactureItemDescription>
      <UnitQty>לא ידוע</UnitQty>
      <Quantity>750.00</Quantity>
      <UnitOfMeasure>100 מ"ל</UnitOfMeasure>
      <bIsWeighted>0</bIsWeighted>
      <QtyInPackage>לא ידוע</QtyInPackage>
      <ItemPrice>35.90</ItemPrice>
      <UnitOfMeasurePrice>0.05</UnitOfMeasurePrice>
      <AllowDiscount>1</AllowDiscount>
      <ItemStatus/>
    </Item>
    <Item>
      <PriceUpdateTime>2025-06-09T14:54:43.000</PriceUpdateTime>
      <ItemCode>8410644611210</ItemCode>
      <LastSaleDateTime>2015-01-01T00:00:00.000</LastSaleDateTime>
      <ItemType>1</ItemType>
      <ItemName>קאווה איבריקה לבן חצ</ItemName>
      <ManufactureName>טמפו</ManufactureName>
      <ManufactureCountry>ישראל</ManufactureCountry>
      <ManufactureItemDescription>קאווה איבריקה לבן חצי יבש</ManufactureItemDescription>
      <UnitQty>לא ידוע</UnitQty>
      <Quantity>750.00</Quantity>
      <UnitOfMeasure>100 מ"ל</UnitOfMeasure>
      <bIsWeighted>0</bIsWeighted>
      <QtyInPackage>לא ידוע</QtyInPackage>
      <ItemPrice>35.90</ItemPrice>
      <UnitOfMeasurePrice>0.05</UnitOfMeasurePrice>
      <AllowDiscount>1</AllowDiscount>
      <ItemStatus>2</ItemStatus>
    </Item>
    <Item>
      <PriceUpdateTime>2025-06-09T14:54:43.000</PriceUpdateTime>
      <ItemCode>8410644611210</ItemCode>
      <LastSaleDateTime>2015-01-01T00:00:00.000</LastSaleDateTime>
      <ItemType>1</ItemType>
      <ItemName>קאווה איבריקה לבן חצ</ItemName>
      <ManufactureName>טמפו</ManufactureName>
      <ManufactureCountry>ישראל</ManufactureCountry>
      <ManufactureItemDescription>קאווה איבריקה לבן חצי יבש</ManufactureItemDescription>
      <UnitQty>לא ידוע</UnitQty>
      <Quantity>750.00</Quantity>
      <UnitOfMeasure>100 מ"ל</UnitOfMeasure>
      <bIsWeighted>0</bIsWeighted>
      <QtyInPackage>לא ידוע</QtyInPackage>
      <ItemPrice>35.90</ItemPrice>
      <UnitOfMeasurePrice>0.05</UnitOfMeasurePrice>
      <AllowDiscount>1</AllowDiscount>
      <ItemStatus/>
    </Item>
    <Item>
      <PriceUpdateTime>2025-06-10T10:04:06.000</PriceUpdateTime>
      <ItemCode>7290010002153</ItemCode>
      <LastSaleDateTime>2026-01-29T16:47:26.000</LastSaleDateTime>
      <ItemType>1</ItemType>
      <ItemName>תבלין פפריקה מרוקאית</ItemName>
      <ManufactureName>תבליני מימון</ManufactureName>
      <ManufactureCountry>ישראל</ManufactureCountry>
      <ManufactureItemDescription>פפריקה מרוקאית חריפה 100</ManufactureItemDescription>
      <UnitQty>גרם</UnitQty>
      <Quantity>100.00</Quantity>
      <UnitOfMeasure>100 גרם</UnitOfMeasure>
      <bIsWeighted>0</bIsWeighted>
      <QtyInPackage>לא ידוע</QtyInPackage>
      <ItemPrice>12.40</ItemPrice>
      <UnitOfMeasurePrice>12.40</UnitOfMeasurePrice>
      <AllowDiscount>1</AllowDiscount>
      <ItemStatus/>
    </Item>
    <Item>
      <PriceUpdateTime>2025-06-10T10:04:06.000</PriceUpdateTime>
      <ItemCode>7290012936890</ItemCode>
      <LastSaleDateTime>2026-01-22T14:03:02.000</LastSaleDateTime>
      <ItemType>1</ItemType>
      <ItemName>תבלין קצח 50 גרם</ItemName>
      <ManufactureName>תבליני מימון</ManufactureName>
      <ManufactureCountry>ישראל</ManufactureCountry>
      <ManufactureItemDescription>קצח 50 גרם</ManufactureItemDescription>
      <UnitQty>גרם</UnitQty>
      <Quantity>50.00</Quantity>
      <UnitOfMeasure>100 גרם</UnitOfMeasure>
      <bIsWeighted>0</bIsWeighted>
      <QtyInPackage>לא ידוע</QtyInPackage>
      <ItemPrice>12.40</ItemPrice>
      <UnitOfMeasurePrice>24.80</UnitOfMeasurePrice>
      <AllowDiscount>1</AllowDiscount>
      <ItemStatus/>
    </Item>
    <Item>
      <PriceUpdateTime>2025-06-10T10:04:06.000</PriceUpdateTime>
      <ItemCode>7290014673618</ItemCode>
      <LastSaleDateTime>2026-01-29T17:54:04.000</LastSaleDateTime>
      <ItemType>1</ItemType>
      <ItemName>תבלין זנגביל 30 גרם</ItemName>
      <ManufactureName>תבליני מימון</ManufactureName>
      <ManufactureCountry>ישראל</ManufactureCountry>
      <ManufactureItemDescription>זנגביל 30 גרם חדש</ManufactureItemDescription>
      <UnitQty>לא ידוע</UnitQty>
      <Quantity>1.00</Quantity>
      <UnitOfMeasure>יח'</UnitOfMeasure>
      <bIsWeighted>0</bIsWeighted>
      <QtyInPackage>לא ידוע</QtyInPackage>
      <ItemPrice>12.40</ItemPrice>
      <UnitOfMeasurePrice>12.40</UnitOfMeasurePrice>
      <AllowDiscount>1</AllowDiscount>
      <ItemStatus/>
    </Item>
    <Item>
      <PriceUpdateTime>2025-06-10T10:04:16.000</PriceUpdateTime>
      <ItemCode>7290111355295</ItemCode>
      <LastSaleDateTime>2026-01-29T16:29:20.000</LastSaleDateTime>
      <ItemType>1</ItemType>
      <ItemName>יוגטה ג'לי פירות 600</ItemName>
      <ManufactureName>לא ידוע</ManufactureName>
      <ManufactureCountry>לא ידוע</ManufactureCountry>
      <ManufactureItemDescription>יוגטה ג'לי פירות 600</ManufactureItemDescription>
      <UnitQty>גרם</UnitQty>
      <Quantity>600.00</Quantity>
      <UnitOfMeasure>100 גרם</UnitOfMeasure>
      <bIsWeighted>0</bIsWeighted>
      <QtyInPackage>לא ידוע</QtyInPackage>
      <ItemPrice>19.90</ItemPrice>
      <UnitOfMeasurePrice>3.32</UnitOfMeasurePrice>
      <AllowDiscount>1</AllowDiscount>
      <ItemStatus/>
    </Item>
    <Item>
      <PriceUpdateTime>2025-06-10T10:56:59.000</PriceUpdateTime>
      <ItemCode>7290111350047</ItemCode>
      <LastSaleDateTime>2026-01-29T12:31:31.000</LastSaleDateTime>
      <ItemType>1</ItemType>
      <ItemName>תמרים מגולענים 500 ג</ItemName>
      <ManufactureName>לא ידוע</ManufactureName>
      <ManufactureCountry>לא ידוע</ManufactureCountry>
      <ManufactureItemDescription>תמרים מגולענים 500 ג</ManufactureItemDescription>
      <UnitQty>גרם</UnitQty>
      <Quantity>500.00</Quantity>
      <UnitOfMeasure>100 גרם</UnitOfMeasure>
      <bIsWeighted>0</bIsWeighted>
      <QtyInPackage>לא ידוע</QtyInPackage>
      <ItemPrice>12.90</ItemPrice>
      <UnitOfMeasurePrice>2.58</UnitOfMeasurePrice>
      <AllowDiscount>1</AllowDiscount>
      <ItemStatus/>
    </Item>
    <Item>
      <PriceUpdateTime>2025-06-10T15:11:37.000</PriceUpdateTime>
      <ItemCode>7290112492982</ItemCode>
      <LastSaleDateTime>2026-01-22T15:53:40.000</LastSaleDateTime>
      <ItemType>1</ItemType>
      <ItemName>מרק 400 פטריות כפרית</ItemName>
      <ManufactureName>לא ידוע</ManufactureName>
      <ManufactureCountry>לא ידוע</ManufactureCountry>
      <ManufactureItemDescription>מרק 400 פטריות כפרית</ManufactureItemDescription>
      <UnitQty>גרם</UnitQty>
      <Quantity>400.00</Quantity>
      <UnitOfMeasure>100 גרם</UnitOfMeasure>
      <bIsWeighted>0</bIsWeighted>
      <QtyInPackage>לא ידוע</QtyInPackage>
      <ItemPrice>24.90</ItemPrice>
      <UnitOfMeasurePrice>6.22</UnitOfMeasurePrice>
      <AllowDiscount>1</AllowDiscount>
      <ItemStatus/>
    </Item>
    <Item>
      <PriceUpdateTime>2025-06-10T15:13:50.000</PriceUpdateTime>
      <ItemCode>7290000110851</ItemCode>
      <LastSaleDateTime>2026-01-29T21:28:25.000</LastSaleDateTime>
      <ItemType>1</ItemType>
      <ItemName>כיפלי בטעם בצל 70 גר</ItemName>
      <ManufactureName>תלמה</ManufactureName>
      <ManufactureCountry>לא ידוע</ManufactureCountry>
      <ManufactureItemDescription>כיפלי בטעם בצל 70 גר</ManufactureItemDescription>
      <UnitQty>גרם</UnitQty>
      <Quantity>70.00</Quantity>
      <UnitOfMeasure>100 גרם</UnitOfMeasure>
      <bIsWeighted>0</bIsWeighted>
      <QtyInPackage>לא ידוע</QtyInPackage>
      <ItemPrice>5.50</ItemPrice>
      <UnitOfMeasurePrice>7.86</UnitOfMeasurePrice>
      <AllowDiscount>1</AllowDiscount>
      <ItemStatus/>
    </Item>
    <Item>
      <PriceUpdateTime>2025-06-11T14:33:59.000</PriceUpdateTime>
      <ItemCode>7290000295794</ItemCode>
      <LastSaleDateTime>2026-01-22T17:00:16.000</LastSaleDateTime>
      <ItemType>1</ItemType>
      <ItemName>ספוגיות מתכת אל חלד</ItemName>
      <ManufactureName>סנו</ManufactureName>
      <ManufactureCountry>לא ידוע</ManufactureCountry>
      <ManufactureItemDescription>ספוגיות מתכת אל חלד</ManufactureItemDescription>
      <UnitQty>לא ידוע</UnitQty>
      <Quantity>3.00</Quantity>
      <UnitOfMeasure>יח'</UnitOfMeasure>
      <bIsWeighted>0</bIsWeighted>
      <QtyInPackage>לא ידוע</QtyInPackage>
      <ItemPrice>9.90</ItemPrice>
      <UnitOfMeasurePrice>3.30</UnitOfMeasurePrice>
      <AllowDiscount>1</AllowDiscount>
      <ItemStatus/>
    </Item>
    <Item>
      <PriceUpdateTime>2025-06-11T14:33:59.000</PriceUpdateTime>
      <ItemCode>7290108352320</ItemCode>
      <LastSaleDateTime>2026-01-22T13:43:36.000</LastSaleDateTime>
      <ItemType>1</ItemType>
      <ItemName>מבשם אויר סנו פרש הו</ItemName>
      <ManufactureName>לא ידוע</ManufactureName>
      <ManufactureCountry>לא ידוע</ManufactureCountry>
      <ManufactureItemDescription>מבשם אויר סנו פרש הו</ManufactureItemDescription>
      <UnitQty>לא ידוע</UnitQty>
      <Quantity>350.00</Quantity>
      <UnitOfMeasure>100 מ"ל</UnitOfMeasure>
      <bIsWeighted>0</bIsWeighted>
      <QtyInPackage>לא ידוע</QtyInPackage>
      <ItemPrice>10.90</ItemPrice>
      <UnitOfMeasurePrice>0.03</UnitOfMeasurePrice>
      <AllowDiscount>1</AllowDiscount>
      <ItemStatus/>
    </Item>
    <Item>
      <PriceUpdateTime>2025-06-12T15:15:20.000</PriceUpdateTime>
      <ItemCode>7290003208692</ItemCode>
      <LastSaleDateTime>2026-01-27T13:24:57.000</LastSaleDateTime>
      <ItemType>1</ItemType>
      <ItemName>ליקר בנדיקטין 750 מ"</ItemName>
      <ManufactureName>לא ידוע</ManufactureName>
      <ManufactureCountry>לא ידוע</ManufactureCountry>
      <ManufactureItemDescription>ליקר בנדיקטין 750 מ"</ManufactureItemDescription>
      <UnitQty>מטרים</UnitQty>
      <Quantity>750.00</Quantity>
      <UnitOfMeasure>100 מ'ל</UnitOfMeasure>
      <bIsWeighted>0</bIsWeighted>
      <QtyInPackage>לא ידוע</QtyInPackage>
      <ItemPrice>148.90</ItemPrice>
      <UnitOfMeasurePrice>0.20</UnitOfMeasurePrice>
      <AllowDiscount>1</AllowDiscount>
      <ItemStatus/>
    </Item>
    <Item>
      <PriceUpdateTime>2025-06-15T14:15:10.000</PriceUpdateTime>
      <ItemCode>22200956949</ItemCode>
      <LastSaleDateTime>2026-01-22T20:16:48.000</LastSaleDateTime>
      <ItemType>1</ItemType>
      <ItemName>דאודורנט ג'ל כתום לג</ItemName>
      <ManufactureName>ספיד סטיק</ManufactureName>
      <ManufactureCountry>לא ידוע</ManufactureCountry>
      <ManufactureItemDescription>דאודורנט ג'ל כתום לג</ManufactureItemDescription>
      <UnitQty>גרם</UnitQty>
      <Quantity>51.00</Quantity>
      <UnitOfMeasure>100 גרם</UnitOfMeasure>
      <bIsWeighted>0</bIsWeighted>
      <QtyInPackage>לא ידוע</QtyInPackage>
      <ItemPrice>19.90</ItemPrice>
      <UnitOfMeasurePrice>39.02</UnitOfMeasurePrice>
      <AllowDiscount>1</AllowDiscount>
      <ItemStatus/>
    </Item>
    <Item>
      <PriceUpdateTime>2025-06-15T14:15:11.000</PriceUpdateTime>
      <ItemCode>7290103128739</ItemCode>
      <LastSaleDateTime>2026-01-28T17:20:45.000</LastSaleDateTime>
      <ItemType>1</ItemType>
      <ItemName>מקלוני אוזנים בלונס</ItemName>
      <ManufactureName>בלונס</ManufactureName>
      <ManufactureCountry>לא ידוע</ManufactureCountry>
      <ManufactureItemDescription>מקלוני אוזנים בלונס</ManufactureItemDescription>
      <UnitQty>לא ידוע</UnitQty>
      <Quantity>50.00</Quantity>
      <UnitOfMeasure>יח'</UnitOfMeasure>
      <bIsWeighted>0</bIsWeighted>
      <QtyInPackage>לא ידוע</QtyInPackage>
      <ItemPrice>6.90</ItemPrice>
      <UnitOfMeasurePrice>0.14</UnitOfMeasurePrice>
      <AllowDiscount>1</AllowDiscount>
      <ItemStatus/>
    </Item>
    <Item>
      <PriceUpdateTime>2025-06-15T14:15:11.000</PriceUpdateTime>
      <ItemCode>7290103129378</ItemCode>
      <LastSaleDateTime>2026-01-28T18:34:02.000</LastSaleDateTime>
      <ItemType>1</ItemType>
      <ItemName>ספיד סטיק גל 5X</ItemName>
      <ManufactureName>ספיד סטיק</ManufactureName>
      <ManufactureCountry>לא ידוע</ManufactureCountry>
      <ManufactureItemDescription>ספיד סטיק גל 5X</ManufactureItemDescription>
      <UnitQty>גרם</UnitQty>
      <Quantity>51.00</Quantity>
      <UnitOfMeasure>100 גרם</UnitOfMeasure>
      <bIsWeighted>0</bIsWeighted>
      <QtyInPackage>לא ידוע</QtyInPackage>
      <ItemPrice>19.90</ItemPrice>
      <UnitOfMeasurePrice>39.02</UnitOfMeasurePrice>
      <AllowDiscount>1</AllowDiscount>
      <ItemStatus/>
    </Item>
    <Item>
      <PriceUpdateTime>2025-06-15T14:15:11.000</PriceUpdateTime>
      <ItemCode>7290103129392</ItemCode>
      <LastSaleDateTime>2026-01-28T18:34:02.000</LastSaleDateTime>
      <ItemType>1</ItemType>
      <ItemName>ליידי ספיד סטיק פרש</ItemName>
      <ManufactureName>ספיד סטיק</ManufactureName>
      <ManufactureCountry>לא ידוע</ManufactureCountry>
      <ManufactureItemDescription>ליידי ספיד סטיק פרש</ManufactureItemDescription>
      <UnitQty>גרם</UnitQty>
      <Quantity>65.00</Quantity>
      <UnitOfMeasure>100 גרם</UnitOfMeasure>
      <bIsWeighted>0</bIsWeighted>
      <QtyInPackage>לא ידוע</QtyInPackage>
      <ItemPrice>19.90</ItemPrice>
      <UnitOfMeasurePrice>30.62</UnitOfMeasurePrice>
      <AllowDiscount>1</AllowDiscount>
      <ItemStatus/>
    </Item>
    <Item>
      <PriceUpdateTime>2025-06-15T14:15:11.000</PriceUpdateTime>
      <ItemCode>7290103129408</ItemCode>
      <LastSaleDateTime>2026-01-29T18:44:18.000</LastSaleDateTime>
      <ItemType>1</ItemType>
      <ItemName>ליידי ספיד סטיק פרש</ItemName>
      <ManufactureName>ספיד סטיק</ManufactureName>
      <ManufactureCountry>לא ידוע</ManufactureCountry>
      <ManufactureItemDescription>ליידי ספיד סטיק פרש</ManufactureItemDescription>
      <UnitQty>גרם</UnitQty>
      <Quantity>65.00</Quantity>
      <UnitOfMeasure>100 גרם</UnitOfMeasure>
      <bIsWeighted>0</bIsWeighted>
      <QtyInPackage>לא ידוע</QtyInPackage>
      <ItemPrice>19.90</ItemPrice>
      <UnitOfMeasurePrice>30.62</UnitOfMeasurePrice>
      <AllowDiscount>1</AllowDiscount>
      <ItemStatus/>
    </Item>
    <Item>
      <PriceUpdateTime>2025-06-15T14:15:11.000</PriceUpdateTime>
      <ItemCode>7290105434050</ItemCode>
      <LastSaleDateTime>2026-01-22T20:45:02.000</LastSaleDateTime>
      <ItemType>1</ItemType>
      <ItemName>ספיד סטיק ירוק רגיל</ItemName>
      <ManufactureName>ספיד סטיק</ManufactureName>
      <ManufactureCountry>לא ידוע</ManufactureCountry>
      <ManufactureItemDescription>ספיד סטיק ירוק רגיל</ManufactureItemDescription>
      <UnitQty>גרם</UnitQty>
      <Quantity>85.00</Quantity>
      <UnitOfMeasure>100 גרם</UnitOfMeasure>
      <bIsWeighted>0</bIsWeighted>
      <QtyInPackage>לא ידוע</QtyInPackage>
      <ItemPrice>19.90</ItemPrice>
      <UnitOfMeasurePrice>23.41</UnitOfMeasurePrice>
      <AllowDiscount>1</AllowDiscount>
      <ItemStatus/>
    </Item>
    <Item>
      <PriceUpdateTime>2025-06-15T14:15:11.000</PriceUpdateTime>
      <ItemCode>7290005008481</ItemCode>
      <LastSaleDateTime>2026-01-28T18:34:02.000</LastSaleDateTime>
      <ItemType>1</ItemType>
      <ItemName>ספיד סטיק ג'ל בסיסי</ItemName>
      <ManufactureName>ספיד סטיק</ManufactureName>
      <ManufactureCountry>לא ידוע</ManufactureCountry>
      <ManufactureItemDescription>ספיד סטיק ג'ל בסיסי</ManufactureItemDescription>
      <UnitQty>גרם</UnitQty>
      <Quantity>85.00</Quantity>
      <UnitOfMeasure>100 גרם</UnitOfMeasure>
      <bIsWeighted>0</bIsWeighted>
      <QtyInPackage>לא ידוע</QtyInPackage>
      <ItemPrice>19.90</ItemPrice>
      <UnitOfMeasurePrice>23.41</UnitOfMeasurePrice>
      <AllowDiscount>1</AllowDiscount>
      <ItemStatus/>
    </Item>
    <Item>
      <PriceUpdateTime>2025-06-15T14:16:11.000</PriceUpdateTime>
      <ItemCode>8076809513739</ItemCode>
      <LastSaleDateTime>2026-01-22T22:52:10.000</LastSaleDateTime>
      <ItemType>1</ItemType>
      <ItemName>רוטב לפסטה בזיליקום</ItemName>
      <ManufactureName>ברילה</ManufactureName>
      <ManufactureCountry>לא ידוע</ManufactureCountry>
      <ManufactureItemDescription>רוטב לפסטה בזיליקום</ManufactureItemDescription>
      <UnitQty>גרם</UnitQty>
      <Quantity>400.00</Quantity>
      <UnitOfMeasure>100 גרם</UnitOfMeasure>
      <bIsWeighted>0</bIsWeighted>
      <QtyInPackage>לא ידוע</QtyInPackage>
      <ItemPrice>14.80</ItemPrice>
      <UnitOfMeasurePrice>3.70</UnitOfMeasurePrice>
      <AllowDiscount>1</AllowDiscount>
      <ItemStatus/>
    </Item>
    <Item>
      <PriceUpdateTime>2025-06-15T14:16:21.000</PriceUpdateTime>
      <ItemCode>8423207208703</ItemCode>
      <LastSaleDateTime>2026-01-29T15:55:32.000</LastSaleDateTime>
      <ItemType>1</ItemType>
      <ItemName>סלים דליס שוקולד מרי</ItemName>
      <ManufactureName>לא ידוע</ManufactureName>
      <ManufactureCountry>ספרד</ManufactureCountry>
      <ManufactureItemDescription>סלים דליס שוקולד מרי</ManufactureItemDescription>
      <UnitQty>גרם</UnitQty>
      <Quantity>120.00</Quantity>
      <UnitOfMeasure>100 גרם</UnitOfMeasure>
      <bIsWeighted>0</bIsWeighted>
      <QtyInPackage>לא ידוע</QtyInPackage>
      <ItemPrice>12.90</ItemPrice>
      <UnitOfMeasurePrice>10.75</UnitOfMeasurePrice>
      <AllowDiscount>1</AllowDiscount>
      <ItemStatus/>
    </Item>
    <Item>
      <PriceUpdateTime>2025-06-15T14:16:21.000</PriceUpdateTime>
      <ItemCode>8423207210287</ItemCode>
      <LastSaleDateTime>2026-01-22T09:18:41.000</LastSaleDateTime>
      <ItemType>1</ItemType>
      <ItemName>סלים דליס שוקולד לבן</ItemName>
      <ManufactureName>לא ידוע</ManufactureName>
      <ManufactureCountry>לא ידוע</ManufactureCountry>
      <ManufactureItemDescription>סלים דליס שוקולד לבן</ManufactureItemDescription>
      <UnitQty>גרם</UnitQty>
      <Quantity>120.00</Quantity>
      <UnitOfMeasure>100 גרם</UnitOfMeasure>
      <bIsWeighted>0</bIsWeighted>
      <QtyInPackage>לא ידוע</QtyInPackage>
      <ItemPrice>12.90</ItemPrice>
      <UnitOfMeasurePrice>10.75</UnitOfMeasurePrice>
      <AllowDiscount>1</AllowDiscount>
      <ItemStatus/>
    </Item>
    <Item>
      <PriceUpdateTime>2025-06-15T14:16:21.000</PriceUpdateTime>
      <ItemCode>7290107978330</ItemCode>
      <LastSaleDateTime>2026-01-22T20:02:45.000</LastSaleDateTime>
      <ItemType>1</ItemType>
      <ItemName>מאסטר שף איטריות דקו</ItemName>
      <ManufactureName>לא ידוע</ManufactureName>
      <ManufactureCountry>לא ידוע</ManufactureCountry>
      <ManufactureItemDescription>מאסטר שף איטריות דקו</ManufactureItemDescription>
      <UnitQty>גרם</UnitQty>
      <Quantity>400.00</Quantity>
      <UnitOfMeasure>100 גרם</UnitOfMeasure>
      <bIsWeighted>0</bIsWeighted>
      <QtyInPackage>לא ידוע</QtyInPackage>
      <ItemPrice>5.50</ItemPrice>
      <UnitOfMeasurePrice>1.38</UnitOfMeasurePrice>
      <AllowDiscount>1</AllowDiscount>
      <ItemStatus/>
    </Item>
    <Item>
      <PriceUpdateTime>2025-06-15T14:16:21.000</PriceUpdateTime>
      <ItemCode>8076809583503</ItemCode>
      <LastSaleDateTime>2026-01-28T20:01:46.000</LastSaleDateTime>
      <ItemType>1</ItemType>
      <ItemName>פסטה ברילה  טרסינה 5</ItemName>
      <ManufactureName>לא ידוע</ManufactureName>
      <ManufactureCountry>לא ידוע</ManufactureCountry>
      <ManufactureItemDescription>פסטה ברילה  טרסינה 5</ManufactureItemDescription>
      <UnitQty>גרם</UnitQty>
      <Quantity>500.00</Quantity>
      <UnitOfMeasure>100 גרם</UnitOfMeasure>
      <bIsWeighted>0</bIsWeighted>
      <QtyInPackage>לא ידוע</QtyInPackage>
      <ItemPrice>15.80</ItemPrice>
      <UnitOfMeasurePrice>3.16</UnitOfMeasurePrice>
      <AllowDiscount>1</AllowDiscount>
      <ItemStatus/>
    </Item>
    <Item>
      <PriceUpdateTime>2025-06-15T15:41:52.000</PriceUpdateTime>
      <ItemCode>7290008409582</ItemCode>
      <LastSaleDateTime>2026-01-29T13:52:20.000</LastSaleDateTime>
      <ItemType>1</ItemType>
      <ItemName>שניצל עוף אמיתי בציפ</ItemName>
      <ManufactureName>מאמא עוף</ManufactureName>
      <ManufactureCountry>לא ידוע</ManufactureCountry>
      <ManufactureItemDescription>שניצל עוף אמיתי בציפ</ManufactureItemDescription>
      <UnitQty>גרם</UnitQty>
      <Quantity>700.00</Quantity>
      <UnitOfMeasure>100 גרם</UnitOfMeasure>
      <bIsWeighted>0</bIsWeighted>
      <QtyInPackage>לא ידוע</QtyInPackage>
      <ItemPrice>44.90</ItemPrice>
      <UnitOfMeasurePrice>6.41</UnitOfMeasurePrice>
      <AllowDiscount>1</AllowDiscount>
      <ItemStatus/>
    </Item>
    <Item>
      <PriceUpdateTime>2025-06-17T12:59:08.000</PriceUpdateTime>
      <ItemCode>7290107875271</ItemCode>
      <LastSaleDateTime>2026-01-29T16:44:50.000</LastSaleDateTime>
      <ItemType>1</ItemType>
      <ItemName>ביסלי ברביקיו 4*55גר</ItemName>
      <ManufactureName>אסם</ManufactureName>
      <ManufactureCountry>אנגליה</ManufactureCountry>
      <ManufactureItemDescription>ביסלי ברביקיו 4*55גר</ManufactureItemDescription>
      <UnitQty>גרם</UnitQty>
      <Quantity>220.00</Quantity>
      <UnitOfMeasure>100 גרם</UnitOfMeasure>
      <bIsWeighted>0</bIsWeighted>
      <QtyInPackage>לא ידוע</QtyInPackage>
      <ItemPrice>14.80</ItemPrice>
      <UnitOfMeasurePrice>6.73</UnitOfMeasurePrice>
      <AllowDiscount>1</AllowDiscount>
      <ItemStatus/>
    </Item>
    <Item>
      <PriceUpdateTime>2025-06-17T14:25:41.000</PriceUpdateTime>
      <ItemCode>5029053527604</ItemCode>
      <LastSaleDateTime>2026-01-29T11:54:07.000</LastSaleDateTime>
      <ItemType>1</ItemType>
      <ItemName>תחתוני ספיגה לתופעת</ItemName>
      <ManufactureName>האגיס</ManufactureName>
      <ManufactureCountry>לא ידוע</ManufactureCountry>
      <ManufactureItemDescription>תחתוני ספיגה לתופעת</ManufactureItemDescription>
      <UnitQty>לא ידוע</UnitQty>
      <Quantity>9.00</Quantity>
      <UnitOfMeasure>יח'</UnitOfMeasure>
      <bIsWeighted>0</bIsWeighted>
      <QtyInPackage>לא ידוע</QtyInPackage>
      <ItemPrice>36.90</ItemPrice>
      <UnitOfMeasurePrice>4.10</UnitOfMeasurePrice>
      <AllowDiscount>1</AllowDiscount>
      <ItemStatus/>
    </Item>
    <Item>
      <PriceUpdateTime>2025-06-17T14:25:41.000</PriceUpdateTime>
      <ItemCode>7290016437591</ItemCode>
      <LastSaleDateTime>2026-01-22T17:27:20.000</LastSaleDateTime>
      <ItemType>1</ItemType>
      <ItemName>תחתונים סופגים לנשים</ItemName>
      <ManufactureName>לא ידוע</ManufactureName>
      <ManufactureCountry>לא ידוע</ManufactureCountry>
      <ManufactureItemDescription>תחתונים סופגים לנשים</ManufactureItemDescription>
      <UnitQty>לא ידוע</UnitQty>
      <Quantity>8.00</Quantity>
      <UnitOfMeasure>יח'</UnitOfMeasure>
      <bIsWeighted>0</bIsWeighted>
      <QtyInPackage>לא ידוע</QtyInPackage>
      <ItemPrice>34.90</ItemPrice>
      <UnitOfMeasurePrice>4.36</UnitOfMeasurePrice>
      <AllowDiscount>1</AllowDiscount>
      <ItemStatus/>
    </Item>
    <Item>
      <PriceUpdateTime>2025-06-18T10:10:25.000</PriceUpdateTime>
      <ItemCode>7290003143146</ItemCode>
      <LastSaleDateTime>2026-01-22T15:01:37.000</LastSaleDateTime>
      <ItemType>1</ItemType>
      <ItemName>ממרח תמרים קליית 450</ItemName>
      <ManufactureName>קליית גת</ManufactureName>
      <ManufactureCountry>לא ידוע</ManufactureCountry>
      <ManufactureItemDescription>ממרח תמרים קליית 450</ManufactureItemDescription>
      <UnitQty>גרם</UnitQty>
      <Quantity>450.00</Quantity>
      <UnitOfMeasure>100 גרם</UnitOfMeasure>
      <bIsWeighted>0</bIsWeighted>
      <QtyInPackage>לא ידוע</QtyInPackage>
      <ItemPrice>6.70</ItemPrice>
      <UnitOfMeasurePrice>1.49</UnitOfMeasurePrice>
      <AllowDiscount>1</AllowDiscount>
      <ItemStatus/>
    </Item>
    <Item>
      <PriceUpdateTime>2025-06-22T08:44:29.000</PriceUpdateTime>
      <ItemCode>7290102399802</ItemCode>
      <LastSaleDateTime>2026-01-28T17:06:22.000</LastSaleDateTime>
      <ItemType>1</ItemType>
      <ItemName>יוגורט מולר אקטיב תו</ItemName>
      <ManufactureName>לא ידוע</ManufactureName>
      <ManufactureCountry>לא ידוע</ManufactureCountry>
      <ManufactureItemDescription>יוגורט מולר אקטיב תו</ManufactureItemDescription>
      <UnitQty>גרם</UnitQty>
      <Quantity>200.00</Quantity>
      <UnitOfMeasure>100 גרם</UnitOfMeasure>
      <bIsWeighted>0</bIsWeighted>
      <QtyInPackage>לא ידוע</QtyInPackage>
      <ItemPrice>6.70</ItemPrice>
      <UnitOfMeasurePrice>3.35</UnitOfMeasurePrice>
      <AllowDiscount>1</AllowDiscount>
      <ItemStatus/>
    </Item>
    <Item>
      <PriceUpdateTime>2025-06-22T08:44:42.000</PriceUpdateTime>
      <ItemCode>7290106663091</ItemCode>
      <LastSaleDateTime>2026-01-29T19:01:12.000</LastSaleDateTime>
      <ItemType>1</ItemType>
      <ItemName>גבינת לאבנה 9% שומן</ItemName>
      <ManufactureName>שטראוס</ManufactureName>
      <ManufactureCountry>ישראל</ManufactureCountry>
      <ManufactureItemDescription>גבינת לאבנה 9% שומן</ManufactureItemDescription>
      <UnitQty>גרם</UnitQty>
      <Quantity>500.00</Quantity>
      <UnitOfMeasure>100 גרם</UnitOfMeasure>
      <bIsWeighted>0</bIsWeighted>
      <QtyInPackage>לא ידוע</QtyInPackage>
      <ItemPrice>19.20</ItemPrice>
      <UnitOfMeasurePrice>3.84</UnitOfMeasurePrice>
      <AllowDiscount>1</AllowDiscount>
      <ItemStatus/>
    </Item>
    <Item>
      <PriceUpdateTime>2025-06-23T10:08:43.000</PriceUpdateTime>
      <ItemCode>7290000112497</ItemCode>
      <LastSaleDateTime>2026-01-29T19:52:36.000</LastSaleDateTime>
      <ItemType>1</ItemType>
      <ItemName>מרק עשיר עוף עם אטרי</ItemName>
      <ManufactureName>קנור</ManufactureName>
      <ManufactureCountry>לא ידוע</ManufactureCountry>
      <ManufactureItemDescription>מרק עשיר עוף עם אטרי</ManufactureItemDescription>
      <UnitQty>גרם</UnitQty>
      <Quantity>75.00</Quantity>
      <UnitOfMeasure>100 גרם</UnitOfMeasure>
      <bIsWeighted>0</bIsWeighted>
      <QtyInPackage>לא ידוע</QtyInPackage>
      <ItemPrice>12.90</ItemPrice>
      <UnitOfMeasurePrice>17.20</UnitOfMeasurePrice>
      <AllowDiscount>1</AllowDiscount>
      <ItemStatus/>
    </Item>
    <Item>
      <PriceUpdateTime>2025-06-23T11:07:19.000</PriceUpdateTime>
      <ItemCode>7290000135465</ItemCode>
      <LastSaleDateTime>2026-01-29T09:52:43.000</LastSaleDateTime>
      <ItemType>1</ItemType>
      <ItemName>טמפו סודה 12* 500 מל</ItemName>
      <ManufactureName>לא ידוע</ManufactureName>
      <ManufactureCountry>לא ידוע</ManufactureCountry>
      <ManufactureItemDescription>טמפו סודה 12* 500 מל</ManufactureItemDescription>
      <UnitQty>ליטר</UnitQty>
      <Quantity>6.00</Quantity>
      <UnitOfMeasure>ליטר    </UnitOfMeasure>
      <bIsWeighted>0</bIsWeighted>
      <QtyInPackage>לא ידוע</QtyInPackage>
      <ItemPrice>27.90</ItemPrice>
      <UnitOfMeasurePrice>4.65</UnitOfMeasurePrice>
      <AllowDiscount>1</AllowDiscount>
      <ItemStatus/>
    </Item>
    <Item>
      <PriceUpdateTime>2025-06-23T15:13:40.000</PriceUpdateTime>
      <ItemCode>681131129855</ItemCode>
      <LastSaleDateTime>2026-01-29T19:41:33.000</LastSaleDateTime>
      <ItemType>1</ItemType>
      <ItemName>שלוס קרון בירה 5% פח</ItemName>
      <ManufactureName>לא ידוע</ManufactureName>
      <ManufactureCountry>לא ידוע</ManufactureCountry>
      <ManufactureItemDescription>שלוס קרון בירה 5% פח</ManufactureItemDescription>
      <UnitQty>לא ידוע</UnitQty>
      <Quantity>500.00</Quantity>
      <UnitOfMeasure>100 מ"ל</UnitOfMeasure>
      <bIsWeighted>0</bIsWeighted>
      <QtyInPackage>לא ידוע</QtyInPackage>
      <ItemPrice>6.90</ItemPrice>
      <UnitOfMeasurePrice>0.01</UnitOfMeasurePrice>
      <AllowDiscount>1</AllowDiscount>
      <ItemStatus/>
    </Item>
    <Item>
      <PriceUpdateTime>2025-06-24T08:16:28.000</PriceUpdateTime>
      <ItemCode>7290121048071</ItemCode>
      <LastSaleDateTime>2026-01-22T21:24:15.000</LastSaleDateTime>
      <ItemType>1</ItemType>
      <ItemName>מנגל איכותי ענק עם ר</ItemName>
      <ManufactureName>לא ידוע</ManufactureName>
      <ManufactureCountry>לא ידוע</ManufactureCountry>
      <ManufactureItemDescription>מנגל איכותי ענק עם ר</ManufactureItemDescription>
      <UnitQty>לא ידוע</UnitQty>
      <Quantity>1.00</Quantity>
      <UnitOfMeasure>יח'</UnitOfMeasure>
      <bIsWeighted>0</bIsWeighted>
      <QtyInPackage>לא ידוע</QtyInPackage>
      <ItemPrice>79.90</ItemPrice>
      <UnitOfMeasurePrice>79.90</UnitOfMeasurePrice>
      <AllowDiscount>1</AllowDiscount>
      <ItemStatus/>
    </Item>
    <Item>
      <PriceUpdateTime>2025-06-24T16:19:37.000</PriceUpdateTime>
      <ItemCode>7290019205258</ItemCode>
      <LastSaleDateTime>2026-01-29T23:03:50.000</LastSaleDateTime>
      <ItemType>1</ItemType>
      <ItemName>פסטרמה ברביקיו דק דק</ItemName>
      <ManufactureName>לא ידוע</ManufactureName>
      <ManufactureCountry>לא ידוע</ManufactureCountry>
      <ManufactureItemDescription>פסטרמה ברביקיו דק דק</ManufactureItemDescription>
      <UnitQty>גרם</UnitQty>
      <Quantity>110.00</Quantity>
      <UnitOfMeasure>100 גרם</UnitOfMeasure>
      <bIsWeighted>0</bIsWeighted>
      <QtyInPackage>לא ידוע</QtyInPackage>
      <ItemPrice>14.80</ItemPrice>
      <UnitOfMeasurePrice>13.45</UnitOfMeasurePrice>
      <AllowDiscount>1</AllowDiscount>
      <ItemStatus/>
    </Item>
    <Item>
      <PriceUpdateTime>2025-06-24T16:19:58.000</PriceUpdateTime>
      <ItemCode>7290114312301</ItemCode>
      <LastSaleDateTime>2026-01-22T17:42:42.000</LastSaleDateTime>
      <ItemType>1</ItemType>
      <ItemName>לאבנה 5% צוריאל 250</ItemName>
      <ManufactureName>לא ידוע</ManufactureName>
      <ManufactureCountry>לא ידוע</ManufactureCountry>
      <ManufactureItemDescription>לאבנה 5% צוריאל 250</ManufactureItemDescription>
      <UnitQty>גרם</UnitQty>
      <Quantity>250.00</Quantity>
      <UnitOfMeasure>100 גרם</UnitOfMeasure>
      <bIsWeighted>0</bIsWeighted>
      <QtyInPackage>לא ידוע</QtyInPackage>
      <ItemPrice>14.40</ItemPrice>
      <UnitOfMeasurePrice>5.76</UnitOfMeasurePrice>
      <AllowDiscount>1</AllowDiscount>
      <ItemStatus/>
    </Item>
    <Item>
      <PriceUpdateTime>2025-06-25T09:30:59.000</PriceUpdateTime>
      <ItemCode>7290001594520</ItemCode>
      <LastSaleDateTime>2026-01-27T18:11:08.000</LastSaleDateTime>
      <ItemType>1</ItemType>
      <ItemName>בירה טובורג בקבוק 33</ItemName>
      <ManufactureName>לא ידוע</ManufactureName>
      <ManufactureCountry>לא ידוע</ManufactureCountry>
      <ManufactureItemDescription>בירה טובורג בקבוק 33</ManufactureItemDescription>
      <UnitQty>לא ידוע</UnitQty>
      <Quantity>1.00</Quantity>
      <UnitOfMeasure>יח'</UnitOfMeasure>
      <bIsWeighted>0</bIsWeighted>
      <QtyInPackage>לא ידוע</QtyInPackage>
      <ItemPrice>7.90</ItemPrice>
      <UnitOfMeasurePrice>7.90</UnitOfMeasurePrice>
      <AllowDiscount>1</AllowDiscount>
      <ItemStatus/>
    </Item>
    <Item>
      <PriceUpdateTime>2025-06-25T11:06:09.000</PriceUpdateTime>
      <ItemCode>3574661537245</ItemCode>
      <LastSaleDateTime>2026-01-28T17:12:11.000</LastSaleDateTime>
      <ItemType>1</ItemType>
      <ItemName>ליסטרין קול מינט 600</ItemName>
      <ManufactureName>לא ידוע</ManufactureName>
      <ManufactureCountry>לא ידוע</ManufactureCountry>
      <ManufactureItemDescription>ליסטרין קול מינט 600</ManufactureItemDescription>
      <UnitQty>לא ידוע</UnitQty>
      <Quantity>600.00</Quantity>
      <UnitOfMeasure>100 מ"ל</UnitOfMeasure>
      <bIsWeighted>0</bIsWeighted>
      <QtyInPackage>לא ידוע</QtyInPackage>
      <ItemPrice>17.90</ItemPrice>
      <UnitOfMeasurePrice>0.03</UnitOfMeasurePrice>
      <AllowDiscount>1</AllowDiscount>
      <ItemStatus/>
    </Item>
    <Item>
      <PriceUpdateTime>2025-06-25T11:06:10.000</PriceUpdateTime>
      <ItemCode>5201261201532</ItemCode>
      <LastSaleDateTime>2025-11-23T00:00:00.000</LastSaleDateTime>
      <ItemType>1</ItemType>
      <ItemName>בירה היינקן הולנד 50</ItemName>
      <ManufactureName>לא ידוע</ManufactureName>
      <ManufactureCountry>לא ידוע</ManufactureCountry>
      <ManufactureItemDescription>בירה היינקן הולנד 50</ManufactureItemDescription>
      <UnitQty>ליטר</UnitQty>
      <Quantity>2.00</Quantity>
      <UnitOfMeasure>ליטר    </UnitOfMeasure>
      <bIsWeighted>0</bIsWeighted>
      <QtyInPackage>לא ידוע</QtyInPackage>
      <ItemPrice>41.20</ItemPrice>
      <UnitOfMeasurePrice>20.60</UnitOfMeasurePrice>
      <AllowDiscount>1</AllowDiscount>
      <ItemStatus/>
    </Item>
    <Item>
      <PriceUpdateTime>2025-06-25T11:06:10.000</PriceUpdateTime>
      <ItemCode>3574661537276</ItemCode>
      <LastSaleDateTime>2026-01-22T16:51:47.000</LastSaleDateTime>
      <ItemType>1</ItemType>
      <ItemName>ליסטרין טוטל 600 מ"ל</ItemName>
      <ManufactureName>לא ידוע</ManufactureName>
      <ManufactureCountry>לא ידוע</ManufactureCountry>
      <ManufactureItemDescription>ליסטרין טוטל 600 מ"ל</ManufactureItemDescription>
      <UnitQty>לא ידוע</UnitQty>
      <Quantity>600.00</Quantity>
      <UnitOfMeasure>100 מ"ל</UnitOfMeasure>
      <bIsWeighted>0</bIsWeighted>
      <QtyInPackage>לא ידוע</QtyInPackage>
      <ItemPrice>17.90</ItemPrice>
      <UnitOfMeasurePrice>0.03</UnitOfMeasurePrice>
      <AllowDiscount>1</AllowDiscount>
      <ItemStatus/>
    </Item>
    <Item>
      <PriceUpdateTime>2025-06-25T11:06:10.000</PriceUpdateTime>
      <ItemCode>3574661561226</ItemCode>
      <LastSaleDateTime>2026-01-22T15:53:40.000</LastSaleDateTime>
      <ItemType>1</ItemType>
      <ItemName>ליסטרין אדוונס 600 מ</ItemName>
      <ManufactureName>לא ידוע</ManufactureName>
      <ManufactureCountry>לא ידוע</ManufactureCountry>
      <ManufactureItemDescription>ליסטרין אדוונס 600 מ</ManufactureItemDescription>
      <UnitQty>לא ידוע</UnitQty>
      <Quantity>600.00</Quantity>
      <UnitOfMeasure>100 מ"ל</UnitOfMeasure>
      <bIsWeighted>0</bIsWeighted>
      <QtyInPackage>לא ידוע</QtyInPackage>
      <ItemPrice>17.90</ItemPrice>
      <UnitOfMeasurePrice>0.03</UnitOfMeasurePrice>
      <AllowDiscount>1</AllowDiscount>
      <ItemStatus/>
    </Item>
    <Item>
      <PriceUpdateTime>2025-06-25T11:06:11.000</PriceUpdateTime>
      <ItemCode>7290002871361</ItemCode>
      <LastSaleDateTime>2025-08-22T00:00:00.000</LastSaleDateTime>
      <ItemType>1</ItemType>
      <ItemName>בירה קרלסברג 500 מ"ל</ItemName>
      <ManufactureName>החברה המרכזית</ManufactureName>
      <ManufactureCountry>לא ידוע</ManufactureCountry>
      <ManufactureItemDescription>בירה קרלסברג 500 מ"ל</ManufactureItemDescription>
      <UnitQty>לא ידוע</UnitQty>
      <Quantity>500.00</Quantity>
      <UnitOfMeasure>100 מ"ל</UnitOfMeasure>
      <bIsWeighted>0</bIsWeighted>
      <QtyInPackage>לא ידוע</QtyInPackage>
      <ItemPrice>8.30</ItemPrice>
      <UnitOfMeasurePrice>0.02</UnitOfMeasurePrice>
      <AllowDiscount>1</AllowDiscount>
      <ItemStatus>2</ItemStatus>
    </Item>
    <Item>
      <PriceUpdateTime>2025-06-25T11:06:11.000</PriceUpdateTime>
      <ItemCode>7290002871361</ItemCode>
      <LastSaleDateTime>2025-08-22T00:00:00.000</LastSaleDateTime>
      <ItemType>1</ItemType>
      <ItemName>בירה קרלסברג 500 מ"ל</ItemName>
      <ManufactureName>החברה המרכזית</ManufactureName>
      <ManufactureCountry>לא ידוע</ManufactureCountry>
      <ManufactureItemDescription>בירה קרלסברג 500 מ"ל</ManufactureItemDescription>
      <UnitQty>לא ידוע</UnitQty>
      <Quantity>500.00</Quantity>
      <UnitOfMeasure>100 מ"ל</UnitOfMeasure>
      <bIsWeighted>0</bIsWeighted>
      <QtyInPackage>לא ידוע</QtyInPackage>
      <ItemPrice>8.30</ItemPrice>
      <UnitOfMeasurePrice>0.02</UnitOfMeasurePrice>
      <AllowDiscount>1</AllowDiscount>
      <ItemStatus/>
    </Item>
    <Item>
      <PriceUpdateTime>2025-06-25T11:06:12.000</PriceUpdateTime>
      <ItemCode>7290008464475</ItemCode>
      <LastSaleDateTime>2026-01-26T21:13:22.000</LastSaleDateTime>
      <ItemType>1</ItemType>
      <ItemName>בירה מכבי 500 פחית</ItemName>
      <ManufactureName>טמפו</ManufactureName>
      <ManufactureCountry>ישראל</ManufactureCountry>
      <ManufactureItemDescription>מכבי 500 פחית 24 יח'</ManufactureItemDescription>
      <UnitQty>לא ידוע</UnitQty>
      <Quantity>500.00</Quantity>
      <UnitOfMeasure>100 מ"ל</UnitOfMeasure>
      <bIsWeighted>0</bIsWeighted>
      <QtyInPackage>לא ידוע</QtyInPackage>
      <ItemPrice>7.50</ItemPrice>
      <UnitOfMeasurePrice>0.02</UnitOfMeasurePrice>
      <AllowDiscount>1</AllowDiscount>
      <ItemStatus/>
    </Item>
    <Item>
      <PriceUpdateTime>2025-06-25T11:06:14.000</PriceUpdateTime>
      <ItemCode>7290102393176</ItemCode>
      <LastSaleDateTime>2026-01-22T18:52:25.000</LastSaleDateTime>
      <ItemType>1</ItemType>
      <ItemName>מולר סימפלי פרוט אפר</ItemName>
      <ManufactureName>מולר</ManufactureName>
      <ManufactureCountry>לא ידוע</ManufactureCountry>
      <ManufactureItemDescription>מולר סימפלי פרוט אפר</ManufactureItemDescription>
      <UnitQty>לא ידוע</UnitQty>
      <Quantity>150.00</Quantity>
      <UnitOfMeasure>100 מ"ל</UnitOfMeasure>
      <bIsWeighted>0</bIsWeighted>
      <QtyInPackage>לא ידוע</QtyInPackage>
      <ItemPrice>5.90</ItemPrice>
      <UnitOfMeasurePrice>0.04</UnitOfMeasurePrice>
      <AllowDiscount>1</AllowDiscount>
      <ItemStatus/>
    </Item>
    <Item>
      <PriceUpdateTime>2025-06-25T11:06:14.000</PriceUpdateTime>
      <ItemCode>7290102393947</ItemCode>
      <LastSaleDateTime>2026-01-22T18:52:25.000</LastSaleDateTime>
      <ItemType>1</ItemType>
      <ItemName>יוגורט ביו קיווי 3%</ItemName>
      <ManufactureName>מולר</ManufactureName>
      <ManufactureCountry>לא ידוע</ManufactureCountry>
      <ManufactureItemDescription>יוגורט ביו קיווי 3%</ManufactureItemDescription>
      <UnitQty>לא ידוע</UnitQty>
      <Quantity>150.00</Quantity>
      <UnitOfMeasure>100 מ"ל</UnitOfMeasure>
      <bIsWeighted>0</bIsWeighted>
      <QtyInPackage>לא ידוע</QtyInPackage>
      <ItemPrice>5.90</ItemPrice>
      <UnitOfMeasurePrice>0.04</UnitOfMeasurePrice>
      <AllowDiscount>1</AllowDiscount>
      <ItemStatus/>
    </Item>
    <Item>
      <PriceUpdateTime>2025-06-29T15:22:55.000</PriceUpdateTime>
      <ItemCode>7501064191398</ItemCode>
      <LastSaleDateTime>2015-01-01T00:00:00.000</LastSaleDateTime>
      <ItemType>1</ItemType>
      <ItemName>בירה קורונה</ItemName>
      <ManufactureName>לא ידוע</ManufactureName>
      <ManufactureCountry>לא ידוע</ManufactureCountry>
      <ManufactureItemDescription>בירה קורונה</ManufactureItemDescription>
      <UnitQty>ליטר</UnitQty>
      <Quantity>2.13</Quantity>
      <UnitOfMeasure>ליטר    </UnitOfMeasure>
      <bIsWeighted>0</bIsWeighted>
      <QtyInPackage>לא ידוע</QtyInPackage>
      <ItemPrice>39.90</ItemPrice>
      <UnitOfMeasurePrice>18.73</UnitOfMeasurePrice>
      <AllowDiscount>1</AllowDiscount>
      <ItemStatus>2</ItemStatus>
    </Item>
    <Item>
      <PriceUpdateTime>2025-06-29T15:22:55.000</PriceUpdateTime>
      <ItemCode>7501064191398</ItemCode>
      <LastSaleDateTime>2015-01-01T00:00:00.000</LastSaleDateTime>
      <ItemType>1</ItemType>
      <ItemName>בירה קורונה</ItemName>
      <ManufactureName>לא ידוע</ManufactureName>
      <ManufactureCountry>לא ידוע</ManufactureCountry>
      <ManufactureItemDescription>בירה קורונה</ManufactureItemDescription>
      <UnitQty>ליטר</UnitQty>
      <Quantity>2.13</Quantity>
      <UnitOfMeasure>ליטר    </UnitOfMeasure>
      <bIsWeighted>0</bIsWeighted>
      <QtyInPackage>לא ידוע</QtyInPackage>
      <ItemPrice>39.90</ItemPrice>
      <UnitOfMeasurePrice>18.73</UnitOfMeasurePrice>
      <AllowDiscount>1</AllowDiscount>
      <ItemStatus/>
    </Item>
    <Item>
      <PriceUpdateTime>2025-06-29T15:34:21.000</PriceUpdateTime>
      <ItemCode>7290018904978</ItemCode>
      <LastSaleDateTime>2026-01-29T17:32:01.000</LastSaleDateTime>
      <ItemType>1</ItemType>
      <ItemName>שערות קדאיף 450 גר מ</ItemName>
      <ManufactureName>לא ידוע</ManufactureName>
      <ManufactureCountry>לא ידוע</ManufactureCountry>
      <ManufactureItemDescription>שערות קדאיף 450 גר מ</ManufactureItemDescription>
      <UnitQty>גרם</UnitQty>
      <Quantity>450.00</Quantity>
      <UnitOfMeasure>100 גרם</UnitOfMeasure>
      <bIsWeighted>0</bIsWeighted>
      <QtyInPackage>לא ידוע</QtyInPackage>
      <ItemPrice>16.90</ItemPrice>
      <UnitOfMeasurePrice>3.76</UnitOfMeasurePrice>
      <AllowDiscount>1</AllowDiscount>
      <ItemStatus/>
    </Item>
    <Item>
      <PriceUpdateTime>2025-06-30T12:21:50.000</PriceUpdateTime>
      <ItemCode>8717163655825</ItemCode>
      <LastSaleDateTime>2026-01-29T19:49:26.000</LastSaleDateTime>
      <ItemType>1</ItemType>
      <ItemName>רקסונה דאודורנט ספרי</ItemName>
      <ManufactureName>לא ידוע</ManufactureName>
      <ManufactureCountry>לא ידוע</ManufactureCountry>
      <ManufactureItemDescription>רקסונה דאודורנט ספרי</ManufactureItemDescription>
      <UnitQty>לא ידוע</UnitQty>
      <Quantity>150.00</Quantity>
      <UnitOfMeasure>100 מ"ל</UnitOfMeasure>
      <bIsWeighted>0</bIsWeighted>
      <QtyInPackage>לא ידוע</QtyInPackage>
      <ItemPrice>14.90</ItemPrice>
      <UnitOfMeasurePrice>0.10</UnitOfMeasurePrice>
      <AllowDiscount>1</AllowDiscount>
      <ItemStatus/>
    </Item>
    <Item>
      <PriceUpdateTime>2025-06-30T14:23:12.000</PriceUpdateTime>
      <ItemCode>4014400930474</ItemCode>
      <LastSaleDateTime>2026-01-29T17:21:27.000</LastSaleDateTime>
      <ItemType>1</ItemType>
      <ItemName>חטיף וופל מיני קנופר</ItemName>
      <ManufactureName>לא ידוע</ManufactureName>
      <ManufactureCountry>לא ידוע</ManufactureCountry>
      <ManufactureItemDescription>חטיף וופל מיני קנופר</ManufactureItemDescription>
      <UnitQty>גרם</UnitQty>
      <Quantity>200.00</Quantity>
      <UnitOfMeasure>100 גרם</UnitOfMeasure>
      <bIsWeighted>0</bIsWeighted>
      <QtyInPackage>לא ידוע</QtyInPackage>
      <ItemPrice>19.50</ItemPrice>
      <UnitOfMeasurePrice>9.75</UnitOfMeasurePrice>
      <AllowDiscount>1</AllowDiscount>
      <ItemStatus/>
    </Item>
    <Item>
      <PriceUpdateTime>2025-06-30T15:44:18.000</PriceUpdateTime>
      <ItemCode>7290000023007</ItemCode>
      <LastSaleDateTime>2026-01-29T14:00:01.000</LastSaleDateTime>
      <ItemType>1</ItemType>
      <ItemName>ברנדי שטוק 84 37 % 7</ItemName>
      <ManufactureName>טמפו</ManufactureName>
      <ManufactureCountry>ישראל</ManufactureCountry>
      <ManufactureItemDescription>ברנדי שטוק 84 37 % 750 מ"</ManufactureItemDescription>
      <UnitQty>לא ידוע</UnitQty>
      <Quantity>750.00</Quantity>
      <UnitOfMeasure>100 מ"ל</UnitOfMeasure>
      <bIsWeighted>0</bIsWeighted>
      <QtyInPackage>לא ידוע</QtyInPackage>
      <ItemPrice>79.50</ItemPrice>
      <UnitOfMeasurePrice>0.11</UnitOfMeasurePrice>
      <AllowDiscount>1</AllowDiscount>
      <ItemStatus/>
    </Item>
    <Item>
      <PriceUpdateTime>2025-07-01T11:51:55.000</PriceUpdateTime>
      <ItemCode>7290119772544</ItemCode>
      <LastSaleDateTime>2015-01-01T00:00:00.000</LastSaleDateTime>
      <ItemType>1</ItemType>
      <ItemName>שוופס קוקטייל לימונע</ItemName>
      <ManufactureName>לא ידוע</ManufactureName>
      <ManufactureCountry>לא ידוע</ManufactureCountry>
      <ManufactureItemDescription>שוופס קוקטייל לימונע</ManufactureItemDescription>
      <UnitQty>לא ידוע</UnitQty>
      <Quantity>280.00</Quantity>
      <UnitOfMeasure>100 מ"ל</UnitOfMeasure>
      <bIsWeighted>0</bIsWeighted>
      <QtyInPackage>לא ידוע</QtyInPackage>
      <ItemPrice>12.50</ItemPrice>
      <UnitOfMeasurePrice>0.04</UnitOfMeasurePrice>
      <AllowDiscount>1</AllowDiscount>
      <ItemStatus>2</ItemStatus>
    </Item>
    <Item>
      <PriceUpdateTime>2025-07-01T11:51:55.000</PriceUpdateTime>
      <ItemCode>7290119772544</ItemCode>
      <LastSaleDateTime>2015-01-01T00:00:00.000</LastSaleDateTime>
      <ItemType>1</ItemType>
      <ItemName>שוופס קוקטייל לימונע</ItemName>
      <ManufactureName>לא ידוע</ManufactureName>
      <ManufactureCountry>לא ידוע</ManufactureCountry>
      <ManufactureItemDescription>שוופס קוקטייל לימונע</ManufactureItemDescription>
      <UnitQty>לא ידוע</UnitQty>
      <Quantity>280.00</Quantity>
      <UnitOfMeasure>100 מ"ל</UnitOfMeasure>
      <bIsWeighted>0</bIsWeighted>
      <QtyInPackage>לא ידוע</QtyInPackage>
      <ItemPrice>12.50</ItemPrice>
      <UnitOfMeasurePrice>0.04</UnitOfMeasurePrice>
      <AllowDiscount>1</AllowDiscount>
      <ItemStatus/>
    </Item>
    <Item>
      <PriceUpdateTime>2025-07-01T11:51:55.000</PriceUpdateTime>
      <ItemCode>7290119772698</ItemCode>
      <LastSaleDateTime>2015-01-01T00:00:00.000</LastSaleDateTime>
      <ItemType>1</ItemType>
      <ItemName>שוופס קוקטייל מוחיטו</ItemName>
      <ManufactureName>לא ידוע</ManufactureName>
      <ManufactureCountry>לא ידוע</ManufactureCountry>
      <ManufactureItemDescription>שוופס קוקטייל מוחיטו</ManufactureItemDescription>
      <UnitQty>לא ידוע</UnitQty>
      <Quantity>280.00</Quantity>
      <UnitOfMeasure>100 מ"ל</UnitOfMeasure>
      <bIsWeighted>0</bIsWeighted>
      <QtyInPackage>לא ידוע</QtyInPackage>
      <ItemPrice>12.50</ItemPrice>
      <UnitOfMeasurePrice>0.04</UnitOfMeasurePrice>
      <AllowDiscount>1</AllowDiscount>
      <ItemStatus>2</ItemStatus>
    </Item>
    <Item>
      <PriceUpdateTime>2025-07-01T11:51:55.000</PriceUpdateTime>
      <ItemCode>7290119772698</ItemCode>
      <LastSaleDateTime>2015-01-01T00:00:00.000</LastSaleDateTime>
      <ItemType>1</ItemType>
      <ItemName>שוופס קוקטייל מוחיטו</ItemName>
      <ManufactureName>לא ידוע</ManufactureName>
      <ManufactureCountry>לא ידוע</ManufactureCountry>
      <ManufactureItemDescription>שוופס קוקטייל מוחיטו</ManufactureItemDescription>
      <UnitQty>לא ידוע</UnitQty>
      <Quantity>280.00</Quantity>
      <UnitOfMeasure>100 מ"ל</UnitOfMeasure>
      <bIsWeighted>0</bIsWeighted>
      <QtyInPackage>לא ידוע</QtyInPackage>
      <ItemPrice>12.50</ItemPrice>
      <UnitOfMeasurePrice>0.04</UnitOfMeasurePrice>
      <AllowDiscount>1</AllowDiscount>
      <ItemStatus/>
    </Item>
    <Item>
      <PriceUpdateTime>2025-07-01T11:51:55.000</PriceUpdateTime>
      <ItemCode>7290103681173</ItemCode>
      <LastSaleDateTime>2026-01-28T16:33:27.000</LastSaleDateTime>
      <ItemType>1</ItemType>
      <ItemName>תבור קברנה סוביניון</ItemName>
      <ManufactureName>לא ידוע</ManufactureName>
      <ManufactureCountry>לא ידוע</ManufactureCountry>
      <ManufactureItemDescription>תבור קברנה סוביניון</ManufactureItemDescription>
      <UnitQty>לא ידוע</UnitQty>
      <Quantity>750.00</Quantity>
      <UnitOfMeasure>100 מ"ל</UnitOfMeasure>
      <bIsWeighted>0</bIsWeighted>
      <QtyInPackage>לא ידוע</QtyInPackage>
      <ItemPrice>34.90</ItemPrice>
      <UnitOfMeasurePrice>0.05</UnitOfMeasurePrice>
      <AllowDiscount>1</AllowDiscount>
      <ItemStatus/>
    </Item>
    <Item>
      <PriceUpdateTime>2025-07-01T11:51:55.000</PriceUpdateTime>
      <ItemCode>7290103681210</ItemCode>
      <LastSaleDateTime>2025-08-20T00:00:00.000</LastSaleDateTime>
      <ItemType>1</ItemType>
      <ItemName>תבור שרדונה 750 מל</ItemName>
      <ManufactureName>לא ידוע</ManufactureName>
      <ManufactureCountry>לא ידוע</ManufactureCountry>
      <ManufactureItemDescription>תבור שרדונה 750 מל</ManufactureItemDescription>
      <UnitQty>לא ידוע</UnitQty>
      <Quantity>750.00</Quantity>
      <UnitOfMeasure>100 מ"ל</UnitOfMeasure>
      <bIsWeighted>0</bIsWeighted>
      <QtyInPackage>לא ידוע</QtyInPackage>
      <ItemPrice>34.90</ItemPrice>
      <UnitOfMeasurePrice>0.05</UnitOfMeasurePrice>
      <AllowDiscount>1</AllowDiscount>
      <ItemStatus>2</ItemStatus>
    </Item>
    <Item>
      <PriceUpdateTime>2025-07-01T11:51:55.000</PriceUpdateTime>
      <ItemCode>7290103681210</ItemCode>
      <LastSaleDateTime>2025-08-20T00:00:00.000</LastSaleDateTime>
      <ItemType>1</ItemType>
      <ItemName>תבור שרדונה 750 מל</ItemName>
      <ManufactureName>לא ידוע</ManufactureName>
      <ManufactureCountry>לא ידוע</ManufactureCountry>
      <ManufactureItemDescription>תבור שרדונה 750 מל</ManufactureItemDescription>
      <UnitQty>לא ידוע</UnitQty>
      <Quantity>750.00</Quantity>
      <UnitOfMeasure>100 מ"ל</UnitOfMeasure>
      <bIsWeighted>0</bIsWeighted>
      <QtyInPackage>לא ידוע</QtyInPackage>
      <ItemPrice>34.90</ItemPrice>
      <UnitOfMeasurePrice>0.05</UnitOfMeasurePrice>
      <AllowDiscount>1</AllowDiscount>
      <ItemStatus/>
    </Item>
    <Item>
      <PriceUpdateTime>2025-07-01T11:52:45.000</PriceUpdateTime>
      <ItemCode>7290006805850</ItemCode>
      <LastSaleDateTime>2026-01-22T08:56:31.000</LastSaleDateTime>
      <ItemType>1</ItemType>
      <ItemName>תערובת להכנת פנקייק</ItemName>
      <ManufactureName>פילסברי</ManufactureName>
      <ManufactureCountry>לא ידוע</ManufactureCountry>
      <ManufactureItemDescription>תערובת להכנת פנקייק</ManufactureItemDescription>
      <UnitQty>גרם</UnitQty>
      <Quantity>500.00</Quantity>
      <UnitOfMeasure>100 גרם</UnitOfMeasure>
      <bIsWeighted>0</bIsWeighted>
      <QtyInPackage>לא ידוע</QtyInPackage>
      <ItemPrice>17.90</ItemPrice>
      <UnitOfMeasurePrice>3.58</UnitOfMeasurePrice>
      <AllowDiscount>1</AllowDiscount>
      <ItemStatus/>
    </Item>
    <Item>
      <PriceUpdateTime>2025-07-02T14:55:37.000</PriceUpdateTime>
      <ItemCode>7290000211985</ItemCode>
      <LastSaleDateTime>2026-01-29T18:41:53.000</LastSaleDateTime>
      <ItemType>1</ItemType>
      <ItemName>אורז עגול ריזוטו 1 ק</ItemName>
      <ManufactureName>סוגת</ManufactureName>
      <ManufactureCountry>ישראל</ManufactureCountry>
      <ManufactureItemDescription>אורז עגול 1 ק"ג</ManufactureItemDescription>
      <UnitQty>לא ידוע</UnitQty>
      <Quantity>1.00</Quantity>
      <UnitOfMeasure>יח'</UnitOfMeasure>
      <bIsWeighted>0</bIsWeighted>
      <QtyInPackage>לא ידוע</QtyInPackage>
      <ItemPrice>11.90</ItemPrice>
      <UnitOfMeasurePrice>11.90</UnitOfMeasurePrice>
      <AllowDiscount>1</AllowDiscount>
      <ItemStatus/>
    </Item>
    <Item>
      <PriceUpdateTime>2025-07-02T14:55:46.000</PriceUpdateTime>
      <ItemCode>7290100704721</ItemCode>
      <LastSaleDateTime>2026-01-22T15:48:50.000</LastSaleDateTime>
      <ItemType>1</ItemType>
      <ItemName>אורז בסמטי 5 ק"ג סוג</ItemName>
      <ManufactureName>לא ידוע</ManufactureName>
      <ManufactureCountry>לא ידוע</ManufactureCountry>
      <ManufactureItemDescription>אורז בסמטי 5 ק"ג סוג</ManufactureItemDescription>
      <UnitQty>לא ידוע</UnitQty>
      <Quantity>5.00</Quantity>
      <UnitOfMeasure>יח'</UnitOfMeasure>
      <bIsWeighted>0</bIsWeighted>
      <QtyInPackage>לא ידוע</QtyInPackage>
      <ItemPrice>57.90</ItemPrice>
      <UnitOfMeasurePrice>11.58</UnitOfMeasurePrice>
      <AllowDiscount>1</AllowDiscount>
      <ItemStatus/>
    </Item>
    <Item>
      <PriceUpdateTime>2025-07-02T14:57:59.000</PriceUpdateTime>
      <ItemCode>7290000197456</ItemCode>
      <LastSaleDateTime>2026-01-29T20:00:05.000</LastSaleDateTime>
      <ItemType>1</ItemType>
      <ItemName>האגיס פרידום מידה 4</ItemName>
      <ManufactureName>האגיס</ManufactureName>
      <ManufactureCountry>לא ידוע</ManufactureCountry>
      <ManufactureItemDescription>האגיס פרידום מידה 4</ManufactureItemDescription>
      <UnitQty>יחידות</UnitQty>
      <Quantity>38.00</Quantity>
      <UnitOfMeasure>יחידה   </UnitOfMeasure>
      <bIsWeighted>0</bIsWeighted>
      <QtyInPackage>לא ידוע</QtyInPackage>
      <ItemPrice>41.50</ItemPrice>
      <UnitOfMeasurePrice>1.09</UnitOfMeasurePrice>
      <AllowDiscount>1</AllowDiscount>
      <ItemStatus/>
    </Item>
    <Item>
      <PriceUpdateTime>2025-07-02T14:58:01.000</PriceUpdateTime>
      <ItemCode>7290017197302</ItemCode>
      <LastSaleDateTime>2026-01-22T15:54:18.000</LastSaleDateTime>
      <ItemType>1</ItemType>
      <ItemName>שמפו ומרכך לילדים 2</ItemName>
      <ManufactureName>לא ידוע</ManufactureName>
      <ManufactureCountry>לא ידוע</ManufactureCountry>
      <ManufactureItemDescription>שמפו ומרכך לילדים 2</ManufactureItemDescription>
      <UnitQty>לא ידוע</UnitQty>
      <Quantity>750.00</Quantity>
      <UnitOfMeasure>100 מ"ל</UnitOfMeasure>
      <bIsWeighted>0</bIsWeighted>
      <QtyInPackage>לא ידוע</QtyInPackage>
      <ItemPrice>8.90</ItemPrice>
      <UnitOfMeasurePrice>0.01</UnitOfMeasurePrice>
      <AllowDiscount>1</AllowDiscount>
      <ItemStatus/>
    </Item>
    <Item>
      <PriceUpdateTime>2025-07-02T14:58:02.000</PriceUpdateTime>
      <ItemCode>7290118075882</ItemCode>
      <LastSaleDateTime>2026-01-29T13:28:26.000</LastSaleDateTime>
      <ItemType>1</ItemType>
      <ItemName>קיסמי שיניים פלסטיק</ItemName>
      <ManufactureName>לא ידוע</ManufactureName>
      <ManufactureCountry>לא ידוע</ManufactureCountry>
      <ManufactureItemDescription>קיסמי שיניים פלסטיק</ManufactureItemDescription>
      <UnitQty>לא ידוע</UnitQty>
      <Quantity>1.00</Quantity>
      <UnitOfMeasure>יח'</UnitOfMeasure>
      <bIsWeighted>0</bIsWeighted>
      <QtyInPackage>לא ידוע</QtyInPackage>
      <ItemPrice>8.90</ItemPrice>
      <UnitOfMeasurePrice>8.90</UnitOfMeasurePrice>
      <AllowDiscount>1</AllowDiscount>
      <ItemStatus/>
    </Item>
    <Item>
      <PriceUpdateTime>2025-07-02T14:58:02.000</PriceUpdateTime>
      <ItemCode>7290019501381</ItemCode>
      <LastSaleDateTime>2026-01-29T15:56:24.000</LastSaleDateTime>
      <ItemType>1</ItemType>
      <ItemName>סרקל מתיר קשרים 340</ItemName>
      <ManufactureName>לא ידוע</ManufactureName>
      <ManufactureCountry>לא ידוע</ManufactureCountry>
      <ManufactureItemDescription>סרקל מתיר קשרים 340</ManufactureItemDescription>
      <UnitQty>לא ידוע</UnitQty>
      <Quantity>340.00</Quantity>
      <UnitOfMeasure>100 מ"ל</UnitOfMeasure>
      <bIsWeighted>0</bIsWeighted>
      <QtyInPackage>לא ידוע</QtyInPackage>
      <ItemPrice>27.90</ItemPrice>
      <UnitOfMeasurePrice>0.08</UnitOfMeasurePrice>
      <AllowDiscount>1</AllowDiscount>
      <ItemStatus/>
    </Item>
    <Item>
      <PriceUpdateTime>2025-07-02T14:58:12.000</PriceUpdateTime>
      <ItemCode>7290118663553</ItemCode>
      <LastSaleDateTime>2026-01-28T13:14:59.000</LastSaleDateTime>
      <ItemType>1</ItemType>
      <ItemName>צלחת 10' קרם (25 יח'</ItemName>
      <ManufactureName>לא ידוע</ManufactureName>
      <ManufactureCountry>לא ידוע</ManufactureCountry>
      <ManufactureItemDescription>צלחת 10' קרם (25 יח'</ManufactureItemDescription>
      <UnitQty>לא ידוע</UnitQty>
      <Quantity>1.00</Quantity>
      <UnitOfMeasure>יח'</UnitOfMeasure>
      <bIsWeighted>0</bIsWeighted>
      <QtyInPackage>לא ידוע</QtyInPackage>
      <ItemPrice>8.90</ItemPrice>
      <UnitOfMeasurePrice>8.90</UnitOfMeasurePrice>
      <AllowDiscount>1</AllowDiscount>
      <ItemStatus/>
    </Item>
    <Item>
      <PriceUpdateTime>2025-07-02T14:58:13.000</PriceUpdateTime>
      <ItemCode>7290118669975</ItemCode>
      <LastSaleDateTime>2026-01-29T12:59:50.000</LastSaleDateTime>
      <ItemType>1</ItemType>
      <ItemName>כיסוי ניילון עם גומי</ItemName>
      <ManufactureName>לא ידוע</ManufactureName>
      <ManufactureCountry>לא ידוע</ManufactureCountry>
      <ManufactureItemDescription>כיסוי ניילון עם גומי</ManufactureItemDescription>
      <UnitQty>לא ידוע</UnitQty>
      <Quantity>1.00</Quantity>
      <UnitOfMeasure>יח'</UnitOfMeasure>
      <bIsWeighted>0</bIsWeighted>
      <QtyInPackage>לא ידוע</QtyInPackage>
      <ItemPrice>6.90</ItemPrice>
      <UnitOfMeasurePrice>6.90</UnitOfMeasurePrice>
      <AllowDiscount>1</AllowDiscount>
      <ItemStatus/>
    </Item>
    <Item>
      <PriceUpdateTime>2025-07-02T14:58:13.000</PriceUpdateTime>
      <ItemCode>7290118663706</ItemCode>
      <LastSaleDateTime>2026-01-22T20:07:15.000</LastSaleDateTime>
      <ItemType>1</ItemType>
      <ItemName>מפיות 33*33 ס"מ שיש</ItemName>
      <ManufactureName>לא ידוע</ManufactureName>
      <ManufactureCountry>לא ידוע</ManufactureCountry>
      <ManufactureItemDescription>מפיות 33*33 ס"מ שיש</ManufactureItemDescription>
      <UnitQty>לא ידוע</UnitQty>
      <Quantity>1.00</Quantity>
      <UnitOfMeasure>יח'</UnitOfMeasure>
      <bIsWeighted>0</bIsWeighted>
      <QtyInPackage>לא ידוע</QtyInPackage>
      <ItemPrice>4.90</ItemPrice>
      <UnitOfMeasurePrice>4.90</UnitOfMeasurePrice>
      <AllowDiscount>1</AllowDiscount>
      <ItemStatus/>
    </Item>
    <Item>
      <PriceUpdateTime>2025-07-02T14:58:21.000</PriceUpdateTime>
      <ItemCode>7290006764157</ItemCode>
      <LastSaleDateTime>2025-09-02T00:00:00.000</LastSaleDateTime>
      <ItemType>1</ItemType>
      <ItemName>בירה גולדסטאר לא מסו</ItemName>
      <ManufactureName>לא ידוע</ManufactureName>
      <ManufactureCountry>לא ידוע</ManufactureCountry>
      <ManufactureItemDescription>בירה גולדסטאר לא מסו</ManufactureItemDescription>
      <UnitQty>לא ידוע</UnitQty>
      <Quantity>500.00</Quantity>
      <UnitOfMeasure>100 מ"ל</UnitOfMeasure>
      <bIsWeighted>0</bIsWeighted>
      <QtyInPackage>לא ידוע</QtyInPackage>
      <ItemPrice>8.40</ItemPrice>
      <UnitOfMeasurePrice>0.02</UnitOfMeasurePrice>
      <AllowDiscount>1</AllowDiscount>
      <ItemStatus>2</ItemStatus>
    </Item>
    <Item>
      <PriceUpdateTime>2025-07-02T14:58:21.000</PriceUpdateTime>
      <ItemCode>7290006764157</ItemCode>
      <LastSaleDateTime>2025-09-02T00:00:00.000</LastSaleDateTime>
      <ItemType>1</ItemType>
      <ItemName>בירה גולדסטאר לא מסו</ItemName>
      <ManufactureName>לא ידוע</ManufactureName>
      <ManufactureCountry>לא ידוע</ManufactureCountry>
      <ManufactureItemDescription>בירה גולדסטאר לא מסו</ManufactureItemDescription>
      <UnitQty>לא ידוע</UnitQty>
      <Quantity>500.00</Quantity>
      <UnitOfMeasure>100 מ"ל</UnitOfMeasure>
      <bIsWeighted>0</bIsWeighted>
      <QtyInPackage>לא ידוע</QtyInPackage>
      <ItemPrice>8.40</ItemPrice>
      <UnitOfMeasurePrice>0.02</UnitOfMeasurePrice>
      <AllowDiscount>1</AllowDiscount>
      <ItemStatus/>
    </Item>
    <Item>
      <PriceUpdateTime>2025-07-02T14:58:21.000</PriceUpdateTime>
      <ItemCode>7290002404583</ItemCode>
      <LastSaleDateTime>2026-01-29T20:00:05.000</LastSaleDateTime>
      <ItemType>1</ItemType>
      <ItemName>קברנה 750 מנ"ל</ItemName>
      <ManufactureName>יקבי ארזה</ManufactureName>
      <ManufactureCountry>ישראל</ManufactureCountry>
      <ManufactureItemDescription>קברנה 750 מנ"ל</ManufactureItemDescription>
      <UnitQty>לא ידוע</UnitQty>
      <Quantity>750.00</Quantity>
      <UnitOfMeasure>100 מ"ל</UnitOfMeasure>
      <bIsWeighted>0</bIsWeighted>
      <QtyInPackage>לא ידוע</QtyInPackage>
      <ItemPrice>34.90</ItemPrice>
      <UnitOfMeasurePrice>0.05</UnitOfMeasurePrice>
      <AllowDiscount>1</AllowDiscount>
      <ItemStatus/>
    </Item>
    <Item>
      <PriceUpdateTime>2025-07-02T14:58:21.000</PriceUpdateTime>
      <ItemCode>7290002404590</ItemCode>
      <LastSaleDateTime>2026-01-23T08:30:28.000</LastSaleDateTime>
      <ItemType>1</ItemType>
      <ItemName>היוצר בראשית מרלו</ItemName>
      <ManufactureName>יקבי ארזה</ManufactureName>
      <ManufactureCountry>ישראל</ManufactureCountry>
      <ManufactureItemDescription>היוצר בראשית מרלו</ManufactureItemDescription>
      <UnitQty>לא ידוע</UnitQty>
      <Quantity>750.00</Quantity>
      <UnitOfMeasure>100 מ"ל</UnitOfMeasure>
      <bIsWeighted>0</bIsWeighted>
      <QtyInPackage>לא ידוע</QtyInPackage>
      <ItemPrice>34.90</ItemPrice>
      <UnitOfMeasurePrice>0.05</UnitOfMeasurePrice>
      <AllowDiscount>1</AllowDiscount>
      <ItemStatus/>
    </Item>
    <Item>
      <PriceUpdateTime>2025-07-02T14:58:21.000</PriceUpdateTime>
      <ItemCode>7290002404606</ItemCode>
      <LastSaleDateTime>2025-10-30T00:00:00.000</LastSaleDateTime>
      <ItemType>1</ItemType>
      <ItemName>היוצר בראשית שירז</ItemName>
      <ManufactureName>לא ידוע</ManufactureName>
      <ManufactureCountry>לא ידוע</ManufactureCountry>
      <ManufactureItemDescription>היוצר בראשית שירז</ManufactureItemDescription>
      <UnitQty>לא ידוע</UnitQty>
      <Quantity>750.00</Quantity>
      <UnitOfMeasure>100 מ"ל</UnitOfMeasure>
      <bIsWeighted>0</bIsWeighted>
      <QtyInPackage>לא ידוע</QtyInPackage>
      <ItemPrice>34.90</ItemPrice>
      <UnitOfMeasurePrice>0.05</UnitOfMeasurePrice>
      <AllowDiscount>1</AllowDiscount>
      <ItemStatus>2</ItemStatus>
    </Item>
    <Item>
      <PriceUpdateTime>2025-07-02T14:58:21.000</PriceUpdateTime>
      <ItemCode>7290002404606</ItemCode>
      <LastSaleDateTime>2025-10-30T00:00:00.000</LastSaleDateTime>
      <ItemType>1</ItemType>
      <ItemName>היוצר בראשית שירז</ItemName>
      <ManufactureName>לא ידוע</ManufactureName>
      <ManufactureCountry>לא ידוע</ManufactureCountry>
      <ManufactureItemDescription>היוצר בראשית שירז</ManufactureItemDescription>
      <UnitQty>לא ידוע</UnitQty>
      <Quantity>750.00</Quantity>
      <UnitOfMeasure>100 מ"ל</UnitOfMeasure>
      <bIsWeighted>0</bIsWeighted>
      <QtyInPackage>לא ידוע</QtyInPackage>
      <ItemPrice>34.90</ItemPrice>
      <UnitOfMeasurePrice>0.05</UnitOfMeasurePrice>
      <AllowDiscount>1</AllowDiscount>
      <ItemStatus/>
    </Item>
    <Item>
      <PriceUpdateTime>2025-07-02T14:58:21.000</PriceUpdateTime>
      <ItemCode>7290002404712</ItemCode>
      <LastSaleDateTime>2015-01-01T00:00:00.000</LastSaleDateTime>
      <ItemType>1</ItemType>
      <ItemName>היוצר בראשית סוביניו</ItemName>
      <ManufactureName>יקבי ארזה</ManufactureName>
      <ManufactureCountry>לא ידוע</ManufactureCountry>
      <ManufactureItemDescription>היוצר בראשית סוביניו</ManufactureItemDescription>
      <UnitQty>לא ידוע</UnitQty>
      <Quantity>750.00</Quantity>
      <UnitOfMeasure>100 מ"ל</UnitOfMeasure>
      <bIsWeighted>0</bIsWeighted>
      <QtyInPackage>לא ידוע</QtyInPackage>
      <ItemPrice>34.90</ItemPrice>
      <UnitOfMeasurePrice>0.05</UnitOfMeasurePrice>
      <AllowDiscount>1</AllowDiscount>
      <ItemStatus>2</ItemStatus>
    </Item>
    <Item>
      <PriceUpdateTime>2025-07-02T14:58:21.000</PriceUpdateTime>
      <ItemCode>7290002404712</ItemCode>
      <LastSaleDateTime>2015-01-01T00:00:00.000</LastSaleDateTime>
      <ItemType>1</ItemType>
      <ItemName>היוצר בראשית סוביניו</ItemName>
      <ManufactureName>יקבי ארזה</ManufactureName>
      <ManufactureCountry>לא ידוע</ManufactureCountry>
      <ManufactureItemDescription>היוצר בראשית סוביניו</ManufactureItemDescription>
      <UnitQty>לא ידוע</UnitQty>
      <Quantity>750.00</Quantity>
      <UnitOfMeasure>100 מ"ל</UnitOfMeasure>
      <bIsWeighted>0</bIsWeighted>
      <QtyInPackage>לא ידוע</QtyInPackage>
      <ItemPrice>34.90</ItemPrice>
      <UnitOfMeasurePrice>0.05</UnitOfMeasurePrice>
      <AllowDiscount>1</AllowDiscount>
      <ItemStatus/>
    </Item>
    <Item>
      <PriceUpdateTime>2025-07-02T14:58:21.000</PriceUpdateTime>
      <ItemCode>7290016693300</ItemCode>
      <LastSaleDateTime>2025-10-13T00:00:00.000</LastSaleDateTime>
      <ItemType>1</ItemType>
      <ItemName>שרדונה 750 מל היוצר</ItemName>
      <ManufactureName>לא ידוע</ManufactureName>
      <ManufactureCountry>לא ידוע</ManufactureCountry>
      <ManufactureItemDescription>שרדונה 750 מל היוצר</ManufactureItemDescription>
      <UnitQty>לא ידוע</UnitQty>
      <Quantity>750.00</Quantity>
      <UnitOfMeasure>100 מ"ל</UnitOfMeasure>
      <bIsWeighted>0</bIsWeighted>
      <QtyInPackage>לא ידוע</QtyInPackage>
      <ItemPrice>34.90</ItemPrice>
      <UnitOfMeasurePrice>0.05</UnitOfMeasurePrice>
      <AllowDiscount>1</AllowDiscount>
      <ItemStatus>2</ItemStatus>
    </Item>
    <Item>
      <PriceUpdateTime>2025-07-02T14:58:21.000</PriceUpdateTime>
      <ItemCode>7290016693300</ItemCode>
      <LastSaleDateTime>2025-10-13T00:00:00.000</LastSaleDateTime>
      <ItemType>1</ItemType>
      <ItemName>שרדונה 750 מל היוצר</ItemName>
      <ManufactureName>לא ידוע</ManufactureName>
      <ManufactureCountry>לא ידוע</ManufactureCountry>
      <ManufactureItemDescription>שרדונה 750 מל היוצר</ManufactureItemDescription>
      <UnitQty>לא ידוע</UnitQty>
      <Quantity>750.00</Quantity>
      <UnitOfMeasure>100 מ"ל</UnitOfMeasure>
      <bIsWeighted>0</bIsWeighted>
      <QtyInPackage>לא ידוע</QtyInPackage>
      <ItemPrice>34.90</ItemPrice>
      <UnitOfMeasurePrice>0.05</UnitOfMeasurePrice>
      <AllowDiscount>1</AllowDiscount>
      <ItemStatus/>
    </Item>
    <Item>
      <PriceUpdateTime>2025-07-02T14:58:21.000</PriceUpdateTime>
      <ItemCode>5601996208910</ItemCode>
      <LastSaleDateTime>2026-01-01T18:49:06.000</LastSaleDateTime>
      <ItemType>1</ItemType>
      <ItemName>יין פורטה 6 לבן 750</ItemName>
      <ManufactureName>לא ידוע</ManufactureName>
      <ManufactureCountry>לא ידוע</ManufactureCountry>
      <ManufactureItemDescription>יין פורטה 6 לבן 750</ManufactureItemDescription>
      <UnitQty>מטרים</UnitQty>
      <Quantity>750.00</Quantity>
      <UnitOfMeasure>100 מ'ל</UnitOfMeasure>
      <bIsWeighted>0</bIsWeighted>
      <QtyInPackage>לא ידוע</QtyInPackage>
      <ItemPrice>49.90</ItemPrice>
      <UnitOfMeasurePrice>0.07</UnitOfMeasurePrice>
      <AllowDiscount>1</AllowDiscount>
      <ItemStatus/>
    </Item>
    <Item>
      <PriceUpdateTime>2025-07-02T14:58:22.000</PriceUpdateTime>
      <ItemCode>7290019056317</ItemCode>
      <LastSaleDateTime>2026-01-28T11:58:14.000</LastSaleDateTime>
      <ItemType>1</ItemType>
      <ItemName>ראשן שוופס בטעם פירו</ItemName>
      <ManufactureName>לא ידוע</ManufactureName>
      <ManufactureCountry>לא ידוע</ManufactureCountry>
      <ManufactureItemDescription>ראשן שוופס בטעם פירו</ManufactureItemDescription>
      <UnitQty>ליטר</UnitQty>
      <Quantity>1.50</Quantity>
      <UnitOfMeasure>ליטר    </UnitOfMeasure>
      <bIsWeighted>0</bIsWeighted>
      <QtyInPackage>לא ידוע</QtyInPackage>
      <ItemPrice>8.90</ItemPrice>
      <UnitOfMeasurePrice>5.93</UnitOfMeasurePrice>
      <AllowDiscount>1</AllowDiscount>
      <ItemStatus/>
    </Item>
    <Item>
      <PriceUpdateTime>2025-07-02T14:58:22.000</PriceUpdateTime>
      <ItemCode>7290016693898</ItemCode>
      <LastSaleDateTime>2025-10-13T00:00:00.000</LastSaleDateTime>
      <ItemType>1</ItemType>
      <ItemName>יין פטי ורדו בראשית</ItemName>
      <ManufactureName>לא ידוע</ManufactureName>
      <ManufactureCountry>לא ידוע</ManufactureCountry>
      <ManufactureItemDescription>יין פטי ורדו בראשית</ManufactureItemDescription>
      <UnitQty>לא ידוע</UnitQty>
      <Quantity>750.00</Quantity>
      <UnitOfMeasure>100 מ"ל</UnitOfMeasure>
      <bIsWeighted>0</bIsWeighted>
      <QtyInPackage>לא ידוע</QtyInPackage>
      <ItemPrice>34.90</ItemPrice>
      <UnitOfMeasurePrice>0.05</UnitOfMeasurePrice>
      <AllowDiscount>1</AllowDiscount>
      <ItemStatus>2</ItemStatus>
    </Item>
    <Item>
      <PriceUpdateTime>2025-07-02T14:58:22.000</PriceUpdateTime>
      <ItemCode>7290016693898</ItemCode>
      <LastSaleDateTime>2025-10-13T00:00:00.000</LastSaleDateTime>
      <ItemType>1</ItemType>
      <ItemName>יין פטי ורדו בראשית</ItemName>
      <ManufactureName>לא ידוע</ManufactureName>
      <ManufactureCountry>לא ידוע</ManufactureCountry>
      <ManufactureItemDescription>יין פטי ורדו בראשית</ManufactureItemDescription>
      <UnitQty>לא ידוע</UnitQty>
      <Quantity>750.00</Quantity>
      <UnitOfMeasure>100 מ"ל</UnitOfMeasure>
      <bIsWeighted>0</bIsWeighted>
      <QtyInPackage>לא ידוע</QtyInPackage>
      <ItemPrice>34.90</ItemPrice>
      <UnitOfMeasurePrice>0.05</UnitOfMeasurePrice>
      <AllowDiscount>1</AllowDiscount>
      <ItemStatus/>
    </Item>
    <Item>
      <PriceUpdateTime>2025-07-02T14:58:22.000</PriceUpdateTime>
      <ItemCode>7290016693959</ItemCode>
      <LastSaleDateTime>2025-10-10T00:00:00.000</LastSaleDateTime>
      <ItemType>1</ItemType>
      <ItemName>בראשית קברנה סובניון</ItemName>
      <ManufactureName>לא ידוע</ManufactureName>
      <ManufactureCountry>לא ידוע</ManufactureCountry>
      <ManufactureItemDescription>בראשית קברנה סובניון</ManufactureItemDescription>
      <UnitQty>לא ידוע</UnitQty>
      <Quantity>750.00</Quantity>
      <UnitOfMeasure>100 מ"ל</UnitOfMeasure>
      <bIsWeighted>0</bIsWeighted>
      <QtyInPackage>לא ידוע</QtyInPackage>
      <ItemPrice>34.90</ItemPrice>
      <UnitOfMeasurePrice>0.05</UnitOfMeasurePrice>
      <AllowDiscount>1</AllowDiscount>
      <ItemStatus>2</ItemStatus>
    </Item>
    <Item>
      <PriceUpdateTime>2025-07-02T14:58:22.000</PriceUpdateTime>
      <ItemCode>7290016693959</ItemCode>
      <LastSaleDateTime>2025-10-10T00:00:00.000</LastSaleDateTime>
      <ItemType>1</ItemType>
      <ItemName>בראשית קברנה סובניון</ItemName>
      <ManufactureName>לא ידוע</ManufactureName>
      <ManufactureCountry>לא ידוע</ManufactureCountry>
      <ManufactureItemDescription>בראשית קברנה סובניון</ManufactureItemDescription>
      <UnitQty>לא ידוע</UnitQty>
      <Quantity>750.00</Quantity>
      <UnitOfMeasure>100 מ"ל</UnitOfMeasure>
      <bIsWeighted>0</bIsWeighted>
      <QtyInPackage>לא ידוע</QtyInPackage>
      <ItemPrice>34.90</ItemPrice>
      <UnitOfMeasurePrice>0.05</UnitOfMeasurePrice>
      <AllowDiscount>1</AllowDiscount>
      <ItemStatus/>
    </Item>
    <Item>
      <PriceUpdateTime>2025-07-02T14:58:22.000</PriceUpdateTime>
      <ItemCode>7290103681180</ItemCode>
      <LastSaleDateTime>2015-01-01T00:00:00.000</LastSaleDateTime>
      <ItemType>1</ItemType>
      <ItemName>תבור מרלו 750 מל</ItemName>
      <ManufactureName>לא ידוע</ManufactureName>
      <ManufactureCountry>לא ידוע</ManufactureCountry>
      <ManufactureItemDescription>תבור מרלו 750 מל</ManufactureItemDescription>
      <UnitQty>לא ידוע</UnitQty>
      <Quantity>750.00</Quantity>
      <UnitOfMeasure>100 מ"ל</UnitOfMeasure>
      <bIsWeighted>0</bIsWeighted>
      <QtyInPackage>לא ידוע</QtyInPackage>
      <ItemPrice>34.90</ItemPrice>
      <UnitOfMeasurePrice>0.05</UnitOfMeasurePrice>
      <AllowDiscount>1</AllowDiscount>
      <ItemStatus>2</ItemStatus>
    </Item>
    <Item>
      <PriceUpdateTime>2025-07-02T14:58:22.000</PriceUpdateTime>
      <ItemCode>7290103681180</ItemCode>
      <LastSaleDateTime>2015-01-01T00:00:00.000</LastSaleDateTime>
      <ItemType>1</ItemType>
      <ItemName>תבור מרלו 750 מל</ItemName>
      <ManufactureName>לא ידוע</ManufactureName>
      <ManufactureCountry>לא ידוע</ManufactureCountry>
      <ManufactureItemDescription>תבור מרלו 750 מל</ManufactureItemDescription>
      <UnitQty>לא ידוע</UnitQty>
      <Quantity>750.00</Quantity>
      <UnitOfMeasure>100 מ"ל</UnitOfMeasure>
      <bIsWeighted>0</bIsWeighted>
      <QtyInPackage>לא ידוע</QtyInPackage>
      <ItemPrice>34.90</ItemPrice>
      <UnitOfMeasurePrice>0.05</UnitOfMeasurePrice>
      <AllowDiscount>1</AllowDiscount>
      <ItemStatus/>
    </Item>
    <Item>
      <PriceUpdateTime>2025-07-02T14:58:22.000</PriceUpdateTime>
      <ItemCode>7290103681197</ItemCode>
      <LastSaleDateTime>2015-01-01T00:00:00.000</LastSaleDateTime>
      <ItemType>1</ItemType>
      <ItemName>יין הר תבור שיראז 75</ItemName>
      <ManufactureName>לא ידוע</ManufactureName>
      <ManufactureCountry>לא ידוע</ManufactureCountry>
      <ManufactureItemDescription>יין הר תבור שיראז 75</ManufactureItemDescription>
      <UnitQty>לא ידוע</UnitQty>
      <Quantity>750.00</Quantity>
      <UnitOfMeasure>100 מ"ל</UnitOfMeasure>
      <bIsWeighted>0</bIsWeighted>
      <QtyInPackage>לא ידוע</QtyInPackage>
      <ItemPrice>34.90</ItemPrice>
      <UnitOfMeasurePrice>0.05</UnitOfMeasurePrice>
      <AllowDiscount>1</AllowDiscount>
      <ItemStatus>2</ItemStatus>
    </Item>
    <Item>
      <PriceUpdateTime>2025-07-02T14:58:22.000</PriceUpdateTime>
      <ItemCode>7290103681197</ItemCode>
      <LastSaleDateTime>2015-01-01T00:00:00.000</LastSaleDateTime>
      <ItemType>1</ItemType>
      <ItemName>יין הר תבור שיראז 75</ItemName>
      <ManufactureName>לא ידוע</ManufactureName>
      <ManufactureCountry>לא ידוע</ManufactureCountry>
      <ManufactureItemDescription>יין הר תבור שיראז 75</ManufactureItemDescription>
      <UnitQty>לא ידוע</UnitQty>
      <Quantity>750.00</Quantity>
      <UnitOfMeasure>100 מ"ל</UnitOfMeasure>
      <bIsWeighted>0</bIsWeighted>
      <QtyInPackage>לא ידוע</QtyInPackage>
      <ItemPrice>34.90</ItemPrice>
      <UnitOfMeasurePrice>0.05</UnitOfMeasurePrice>
      <AllowDiscount>1</AllowDiscount>
      <ItemStatus/>
    </Item>
    <Item>
      <PriceUpdateTime>2025-07-02T14:58:22.000</PriceUpdateTime>
      <ItemCode>7290103681227</ItemCode>
      <LastSaleDateTime>2026-01-14T18:40:27.000</LastSaleDateTime>
      <ItemType>1</ItemType>
      <ItemName>תבור גוורצטרמינר 750</ItemName>
      <ManufactureName>לא ידוע</ManufactureName>
      <ManufactureCountry>לא ידוע</ManufactureCountry>
      <ManufactureItemDescription>תבור גוורצטרמינר 750</ManufactureItemDescription>
      <UnitQty>לא ידוע</UnitQty>
      <Quantity>750.00</Quantity>
      <UnitOfMeasure>100 מ"ל</UnitOfMeasure>
      <bIsWeighted>0</bIsWeighted>
      <QtyInPackage>לא ידוע</QtyInPackage>
      <ItemPrice>34.90</ItemPrice>
      <UnitOfMeasurePrice>0.05</UnitOfMeasurePrice>
      <AllowDiscount>1</AllowDiscount>
      <ItemStatus/>
    </Item>
    <Item>
      <PriceUpdateTime>2025-07-02T14:58:22.000</PriceUpdateTime>
      <ItemCode>7290103681234</ItemCode>
      <LastSaleDateTime>2015-01-01T00:00:00.000</LastSaleDateTime>
      <ItemType>1</ItemType>
      <ItemName>תבור רוזה 750 מל</ItemName>
      <ManufactureName>לא ידוע</ManufactureName>
      <ManufactureCountry>לא ידוע</ManufactureCountry>
      <ManufactureItemDescription>תבור רוזה 750 מל</ManufactureItemDescription>
      <UnitQty>100 מל</UnitQty>
      <Quantity>750.00</Quantity>
      <UnitOfMeasure>100 מל</UnitOfMeasure>
      <bIsWeighted>0</bIsWeighted>
      <QtyInPackage>לא ידוע</QtyInPackage>
      <ItemPrice>34.90</ItemPrice>
      <UnitOfMeasurePrice>0.05</UnitOfMeasurePrice>
      <AllowDiscount>1</AllowDiscount>
      <ItemStatus>2</ItemStatus>
    </Item>
    <Item>
      <PriceUpdateTime>2025-07-02T14:58:22.000</PriceUpdateTime>
      <ItemCode>7290103681234</ItemCode>
      <LastSaleDateTime>2015-01-01T00:00:00.000</LastSaleDateTime>
      <ItemType>1</ItemType>
      <ItemName>תבור רוזה 750 מל</ItemName>
      <ManufactureName>לא ידוע</ManufactureName>
      <ManufactureCountry>לא ידוע</ManufactureCountry>
      <ManufactureItemDescription>תבור רוזה 750 מל</ManufactureItemDescription>
      <UnitQty>100 מל</UnitQty>
      <Quantity>750.00</Quantity>
      <UnitOfMeasure>100 מל</UnitOfMeasure>
      <bIsWeighted>0</bIsWeighted>
      <QtyInPackage>לא ידוע</QtyInPackage>
      <ItemPrice>34.90</ItemPrice>
      <UnitOfMeasurePrice>0.05</UnitOfMeasurePrice>
      <AllowDiscount>1</AllowDiscount>
      <ItemStatus/>
    </Item>
    <Item>
      <PriceUpdateTime>2025-07-02T14:59:14.000</PriceUpdateTime>
      <ItemCode>5601996208811</ItemCode>
      <LastSaleDateTime>2025-12-19T00:00:00.000</LastSaleDateTime>
      <ItemType>1</ItemType>
      <ItemName>יין פורטה 6 אדום 750</ItemName>
      <ManufactureName>לא ידוע</ManufactureName>
      <ManufactureCountry>לא ידוע</ManufactureCountry>
      <ManufactureItemDescription>יין פורטה 6 אדום 750</ManufactureItemDescription>
      <UnitQty>מטרים</UnitQty>
      <Quantity>750.00</Quantity>
      <UnitOfMeasure>100 מ'ל</UnitOfMeasure>
      <bIsWeighted>0</bIsWeighted>
      <QtyInPackage>לא ידוע</QtyInPackage>
      <ItemPrice>49.90</ItemPrice>
      <UnitOfMeasurePrice>0.07</UnitOfMeasurePrice>
      <AllowDiscount>1</AllowDiscount>
      <ItemStatus/>
    </Item>
    <Item>
      <PriceUpdateTime>2025-07-02T14:59:17.000</PriceUpdateTime>
      <ItemCode>5601996209016</ItemCode>
      <LastSaleDateTime>2025-12-14T00:00:00.000</LastSaleDateTime>
      <ItemType>1</ItemType>
      <ItemName>יין פורטה 6 רוזה 750</ItemName>
      <ManufactureName>לא ידוע</ManufactureName>
      <ManufactureCountry>לא ידוע</ManufactureCountry>
      <ManufactureItemDescription>יין פורטה 6 רוזה 750</ManufactureItemDescription>
      <UnitQty>מטרים</UnitQty>
      <Quantity>750.00</Quantity>
      <UnitOfMeasure>100 מ'ל</UnitOfMeasure>
      <bIsWeighted>0</bIsWeighted>
      <QtyInPackage>לא ידוע</QtyInPackage>
      <ItemPrice>49.90</ItemPrice>
      <UnitOfMeasurePrice>0.07</UnitOfMeasurePrice>
      <AllowDiscount>1</AllowDiscount>
      <ItemStatus/>
    </Item>
    <Item>
      <PriceUpdateTime>2025-07-02T14:59:21.000</PriceUpdateTime>
      <ItemCode>5601996300287</ItemCode>
      <LastSaleDateTime>2026-01-23T13:50:01.000</LastSaleDateTime>
      <ItemType>1</ItemType>
      <ItemName>יין פורטה 6 וינו ורד</ItemName>
      <ManufactureName>לא ידוע</ManufactureName>
      <ManufactureCountry>לא ידוע</ManufactureCountry>
      <ManufactureItemDescription>יין פורטה 6 וינו ורד</ManufactureItemDescription>
      <UnitQty>מטרים</UnitQty>
      <Quantity>750.00</Quantity>
      <UnitOfMeasure>100 מ'ל</UnitOfMeasure>
      <bIsWeighted>0</bIsWeighted>
      <QtyInPackage>לא ידוע</QtyInPackage>
      <ItemPrice>49.90</ItemPrice>
      <UnitOfMeasurePrice>0.07</UnitOfMeasurePrice>
      <AllowDiscount>1</AllowDiscount>
      <ItemStatus/>
    </Item>
    <Item>
      <PriceUpdateTime>2025-07-03T07:49:00.000</PriceUpdateTime>
      <ItemCode>7290000523224</ItemCode>
      <LastSaleDateTime>2026-01-29T19:22:04.000</LastSaleDateTime>
      <ItemType>1</ItemType>
      <ItemName>מלח ים יבש מלח הארץ</ItemName>
      <ManufactureName>לא ידוע</ManufactureName>
      <ManufactureCountry>לא ידוע</ManufactureCountry>
      <ManufactureItemDescription>מלח ים יבש מלח הארץ</ManufactureItemDescription>
      <UnitQty>גרם</UnitQty>
      <Quantity>500.00</Quantity>
      <UnitOfMeasure>100 גרם</UnitOfMeasure>
      <bIsWeighted>0</bIsWeighted>
      <QtyInPackage>לא ידוע</QtyInPackage>
      <ItemPrice>7.90</ItemPrice>
      <UnitOfMeasurePrice>1.58</UnitOfMeasurePrice>
      <AllowDiscount>1</AllowDiscount>
      <ItemStatus/>
    </Item>
    <Item>
      <PriceUpdateTime>2025-07-03T07:49:00.000</PriceUpdateTime>
      <ItemCode>7290010175840</ItemCode>
      <LastSaleDateTime>2026-01-22T20:28:55.000</LastSaleDateTime>
      <ItemType>1</ItemType>
      <ItemName>לבבות דקל 220 גרם טע</ItemName>
      <ManufactureName>טעמן</ManufactureName>
      <ManufactureCountry>לא ידוע</ManufactureCountry>
      <ManufactureItemDescription>לבבות דקל 220 גרם טע</ManufactureItemDescription>
      <UnitQty>גרם</UnitQty>
      <Quantity>220.00</Quantity>
      <UnitOfMeasure>100 גרם</UnitOfMeasure>
      <bIsWeighted>0</bIsWeighted>
      <QtyInPackage>לא ידוע</QtyInPackage>
      <ItemPrice>10.90</ItemPrice>
      <UnitOfMeasurePrice>4.95</UnitOfMeasurePrice>
      <AllowDiscount>1</AllowDiscount>
      <ItemStatus/>
    </Item>
    <Item>
      <PriceUpdateTime>2025-07-03T07:50:33.000</PriceUpdateTime>
      <ItemCode>7290108278330</ItemCode>
      <LastSaleDateTime>2026-01-28T11:45:32.000</LastSaleDateTime>
      <ItemType>1</ItemType>
      <ItemName>לבן אובלי</ItemName>
      <ManufactureName>לא ידוע</ManufactureName>
      <ManufactureCountry>לא ידוע</ManufactureCountry>
      <ManufactureItemDescription>לבן אובלי</ManufactureItemDescription>
      <UnitQty>לא ידוע</UnitQty>
      <Quantity>1.00</Quantity>
      <UnitOfMeasure>יח'</UnitOfMeasure>
      <bIsWeighted>0</bIsWeighted>
      <QtyInPackage>לא ידוע</QtyInPackage>
      <ItemPrice>7.90</ItemPrice>
      <UnitOfMeasurePrice>7.90</UnitOfMeasurePrice>
      <AllowDiscount>1</AllowDiscount>
      <ItemStatus/>
    </Item>
    <Item>
      <PriceUpdateTime>2025-07-03T07:50:43.000</PriceUpdateTime>
      <ItemCode>7290118663799</ItemCode>
      <LastSaleDateTime>2026-01-29T19:33:36.000</LastSaleDateTime>
      <ItemType>1</ItemType>
      <ItemName>גביעים אמריקאיים 990</ItemName>
      <ManufactureName>לא ידוע</ManufactureName>
      <ManufactureCountry>לא ידוע</ManufactureCountry>
      <ManufactureItemDescription>גביעים אמריקאיים 990</ManufactureItemDescription>
      <UnitQty>לא ידוע</UnitQty>
      <Quantity>1.00</Quantity>
      <UnitOfMeasure>יח'</UnitOfMeasure>
      <bIsWeighted>0</bIsWeighted>
      <QtyInPackage>לא ידוע</QtyInPackage>
      <ItemPrice>6.90</ItemPrice>
      <UnitOfMeasurePrice>6.90</UnitOfMeasurePrice>
      <AllowDiscount>1</AllowDiscount>
      <ItemStatus/>
    </Item>
    <Item>
      <PriceUpdateTime>2025-07-03T07:51:00.000</PriceUpdateTime>
      <ItemCode>7290114311458</ItemCode>
      <LastSaleDateTime>2026-01-22T19:34:58.000</LastSaleDateTime>
      <ItemType>1</ItemType>
      <ItemName>קרטון חלב 3% מועשר ו</ItemName>
      <ManufactureName>לא ידוע</ManufactureName>
      <ManufactureCountry>לא ידוע</ManufactureCountry>
      <ManufactureItemDescription>קרטון חלב 3% מועשר ו</ManufactureItemDescription>
      <UnitQty>ליטר</UnitQty>
      <Quantity>1.00</Quantity>
      <UnitOfMeasure>ליטר    </UnitOfMeasure>
      <bIsWeighted>0</bIsWeighted>
      <QtyInPackage>לא ידוע</QtyInPackage>
      <ItemPrice>8.60</ItemPrice>
      <UnitOfMeasurePrice>8.60</UnitOfMeasurePrice>
      <AllowDiscount>1</AllowDiscount>
      <ItemStatus/>
    </Item>
    <Item>
      <PriceUpdateTime>2025-07-06T15:16:06.000</PriceUpdateTime>
      <ItemCode>5055966800220</ItemCode>
      <LastSaleDateTime>2026-01-15T19:48:44.000</LastSaleDateTime>
      <ItemType>1</ItemType>
      <ItemName>וויסקי אירי בושמילס</ItemName>
      <ManufactureName>לא ידוע</ManufactureName>
      <ManufactureCountry>לא ידוע</ManufactureCountry>
      <ManufactureItemDescription>וויסקי אירי בושמילס</ManufactureItemDescription>
      <UnitQty>לא ידוע</UnitQty>
      <Quantity>700.00</Quantity>
      <UnitOfMeasure>100 מ"ל</UnitOfMeasure>
      <bIsWeighted>0</bIsWeighted>
      <QtyInPackage>לא ידוע</QtyInPackage>
      <ItemPrice>89.90</ItemPrice>
      <UnitOfMeasurePrice>0.13</UnitOfMeasurePrice>
      <AllowDiscount>1</AllowDiscount>
      <ItemStatus/>
    </Item>
    <Item>
      <PriceUpdateTime>2025-07-07T09:14:46.000</PriceUpdateTime>
      <ItemCode>7290114314060</ItemCode>
      <LastSaleDateTime>2026-01-29T09:48:14.000</LastSaleDateTime>
      <ItemType>1</ItemType>
      <ItemName>מולר סימפלי פרוט בטע</ItemName>
      <ManufactureName>לא ידוע</ManufactureName>
      <ManufactureCountry>לא ידוע</ManufactureCountry>
      <ManufactureItemDescription>מולר סימפלי פרוט בטע</ManufactureItemDescription>
      <UnitQty>לא ידוע</UnitQty>
      <Quantity>150.00</Quantity>
      <UnitOfMeasure>100 מ"ל</UnitOfMeasure>
      <bIsWeighted>0</bIsWeighted>
      <QtyInPackage>לא ידוע</QtyInPackage>
      <ItemPrice>5.90</ItemPrice>
      <UnitOfMeasurePrice>0.04</UnitOfMeasurePrice>
      <AllowDiscount>1</AllowDiscount>
      <ItemStatus/>
    </Item>
    <Item>
      <PriceUpdateTime>2025-07-07T11:37:18.000</PriceUpdateTime>
      <ItemCode>7290120126336</ItemCode>
      <LastSaleDateTime>2026-01-22T20:03:38.000</LastSaleDateTime>
      <ItemType>1</ItemType>
      <ItemName>מטען קיר USB כפול לב</ItemName>
      <ManufactureName>לא ידוע</ManufactureName>
      <ManufactureCountry>לא ידוע</ManufactureCountry>
      <ManufactureItemDescription>מטען קיר USB כפול לב</ManufactureItemDescription>
      <UnitQty>לא ידוע</UnitQty>
      <Quantity>1.00</Quantity>
      <UnitOfMeasure>יח'</UnitOfMeasure>
      <bIsWeighted>0</bIsWeighted>
      <QtyInPackage>לא ידוע</QtyInPackage>
      <ItemPrice>25.90</ItemPrice>
      <UnitOfMeasurePrice>25.90</UnitOfMeasurePrice>
      <AllowDiscount>1</AllowDiscount>
      <ItemStatus/>
    </Item>
    <Item>
      <PriceUpdateTime>2025-07-07T11:37:35.000</PriceUpdateTime>
      <ItemCode>7290004068035</ItemCode>
      <LastSaleDateTime>2026-01-22T18:40:14.000</LastSaleDateTime>
      <ItemType>1</ItemType>
      <ItemName>יוגורט איירן 500מל</ItemName>
      <ManufactureName>לא ידוע</ManufactureName>
      <ManufactureCountry>לא ידוע</ManufactureCountry>
      <ManufactureItemDescription>יוגורט איירן 500מל</ManufactureItemDescription>
      <UnitQty>לא ידוע</UnitQty>
      <Quantity>500.00</Quantity>
      <UnitOfMeasure>100 מ"ל</UnitOfMeasure>
      <bIsWeighted>0</bIsWeighted>
      <QtyInPackage>לא ידוע</QtyInPackage>
      <ItemPrice>9.50</ItemPrice>
      <UnitOfMeasurePrice>0.02</UnitOfMeasurePrice>
      <AllowDiscount>1</AllowDiscount>
      <ItemStatus/>
    </Item>
    <Item>
      <PriceUpdateTime>2025-07-07T11:37:35.000</PriceUpdateTime>
      <ItemCode>7290017065137</ItemCode>
      <LastSaleDateTime>2026-01-29T21:07:26.000</LastSaleDateTime>
      <ItemType>1</ItemType>
      <ItemName>ריקוטה למריחה 5% טבע</ItemName>
      <ManufactureName>לא ידוע</ManufactureName>
      <ManufactureCountry>לא ידוע</ManufactureCountry>
      <ManufactureItemDescription>ריקוטה למריחה 5% טבע</ManufactureItemDescription>
      <UnitQty>לא ידוע</UnitQty>
      <Quantity>1.00</Quantity>
      <UnitOfMeasure>יח'</UnitOfMeasure>
      <bIsWeighted>0</bIsWeighted>
      <QtyInPackage>לא ידוע</QtyInPackage>
      <ItemPrice>11.50</ItemPrice>
      <UnitOfMeasurePrice>11.50</UnitOfMeasurePrice>
      <AllowDiscount>1</AllowDiscount>
      <ItemStatus/>
    </Item>
    <Item>
      <PriceUpdateTime>2025-07-07T11:37:35.000</PriceUpdateTime>
      <ItemCode>7290017065304</ItemCode>
      <LastSaleDateTime>2026-01-29T17:29:15.000</LastSaleDateTime>
      <ItemType>1</ItemType>
      <ItemName>גבינת שמנת ניו יורק</ItemName>
      <ManufactureName>לא ידוע</ManufactureName>
      <ManufactureCountry>לא ידוע</ManufactureCountry>
      <ManufactureItemDescription>גבינת שמנת ניו יורק</ManufactureItemDescription>
      <UnitQty>גרם</UnitQty>
      <Quantity>200.00</Quantity>
      <UnitOfMeasure>100 גרם</UnitOfMeasure>
      <bIsWeighted>0</bIsWeighted>
      <QtyInPackage>לא ידוע</QtyInPackage>
      <ItemPrice>14.90</ItemPrice>
      <UnitOfMeasurePrice>7.45</UnitOfMeasurePrice>
      <AllowDiscount>1</AllowDiscount>
      <ItemStatus/>
    </Item>
    <Item>
      <PriceUpdateTime>2025-07-07T11:37:54.000</PriceUpdateTime>
      <ItemCode>7290121047500</ItemCode>
      <LastSaleDateTime>2026-01-28T12:45:52.000</LastSaleDateTime>
      <ItemType>1</ItemType>
      <ItemName>סט 4 קופסאות פלסטיק</ItemName>
      <ManufactureName>לא ידוע</ManufactureName>
      <ManufactureCountry>לא ידוע</ManufactureCountry>
      <ManufactureItemDescription>סט 4 קופסאות פלסטיק</ManufactureItemDescription>
      <UnitQty>יחידות</UnitQty>
      <Quantity>0.00</Quantity>
      <UnitOfMeasure>יחידה   </UnitOfMeasure>
      <bIsWeighted>0</bIsWeighted>
      <QtyInPackage>לא ידוע</QtyInPackage>
      <ItemPrice>39.90</ItemPrice>
      <UnitOfMeasurePrice>0.00</UnitOfMeasurePrice>
      <AllowDiscount>1</AllowDiscount>
      <ItemStatus/>
    </Item>
    <Item>
      <PriceUpdateTime>2025-07-07T11:37:54.000</PriceUpdateTime>
      <ItemCode>7290121042154</ItemCode>
      <LastSaleDateTime>2026-01-28T11:27:45.000</LastSaleDateTime>
      <ItemType>1</ItemType>
      <ItemName>מצנם 2 פרוסות לבן -</ItemName>
      <ManufactureName>לא ידוע</ManufactureName>
      <ManufactureCountry>לא ידוע</ManufactureCountry>
      <ManufactureItemDescription>מצנם 2 פרוסות לבן -</ManufactureItemDescription>
      <UnitQty>יחידות</UnitQty>
      <Quantity>0.00</Quantity>
      <UnitOfMeasure>יחידה   </UnitOfMeasure>
      <bIsWeighted>0</bIsWeighted>
      <QtyInPackage>לא ידוע</QtyInPackage>
      <ItemPrice>59.90</ItemPrice>
      <UnitOfMeasurePrice>0.00</UnitOfMeasurePrice>
      <AllowDiscount>1</AllowDiscount>
      <ItemStatus/>
    </Item>
    <Item>
      <PriceUpdateTime>2025-07-07T11:38:08.000</PriceUpdateTime>
      <ItemCode>7290117267011</ItemCode>
      <LastSaleDateTime>2026-01-29T18:10:18.000</LastSaleDateTime>
      <ItemType>1</ItemType>
      <ItemName>אטריות דקות 400 גרם</ItemName>
      <ManufactureName>לא ידוע</ManufactureName>
      <ManufactureCountry>לא ידוע</ManufactureCountry>
      <ManufactureItemDescription>אטריות דקות 400 גרם</ManufactureItemDescription>
      <UnitQty>גרם</UnitQty>
      <Quantity>400.00</Quantity>
      <UnitOfMeasure>100 גרם</UnitOfMeasure>
      <bIsWeighted>0</bIsWeighted>
      <QtyInPackage>לא ידוע</QtyInPackage>
      <ItemPrice>4.90</ItemPrice>
      <UnitOfMeasurePrice>1.23</UnitOfMeasurePrice>
      <AllowDiscount>1</AllowDiscount>
      <ItemStatus/>
    </Item>
    <Item>
      <PriceUpdateTime>2025-07-07T11:38:31.000</PriceUpdateTime>
      <ItemCode>8000380004676</ItemCode>
      <LastSaleDateTime>2026-01-29T14:32:22.000</LastSaleDateTime>
      <ItemType>1</ItemType>
      <ItemName>קוביות וופל קרם וניל</ItemName>
      <ManufactureName>לואקר</ManufactureName>
      <ManufactureCountry>לא ידוע</ManufactureCountry>
      <ManufactureItemDescription>קוביות וופל קרם וניל</ManufactureItemDescription>
      <UnitQty>גרם</UnitQty>
      <Quantity>200.00</Quantity>
      <UnitOfMeasure>100 גרם</UnitOfMeasure>
      <bIsWeighted>0</bIsWeighted>
      <QtyInPackage>לא ידוע</QtyInPackage>
      <ItemPrice>15.80</ItemPrice>
      <UnitOfMeasurePrice>7.90</UnitOfMeasurePrice>
      <AllowDiscount>1</AllowDiscount>
      <ItemStatus/>
    </Item>
    <Item>
      <PriceUpdateTime>2025-07-07T11:39:07.000</PriceUpdateTime>
      <ItemCode>7290119672059</ItemCode>
      <LastSaleDateTime>2026-01-29T16:38:27.000</LastSaleDateTime>
      <ItemType>1</ItemType>
      <ItemName>תערובת חליטת צ'אי הו</ItemName>
      <ManufactureName>לא ידוע</ManufactureName>
      <ManufactureCountry>לא ידוע</ManufactureCountry>
      <ManufactureItemDescription>תערובת חליטת צ'אי הו</ManufactureItemDescription>
      <UnitQty>לא ידוע</UnitQty>
      <Quantity>1.00</Quantity>
      <UnitOfMeasure>יח'</UnitOfMeasure>
      <bIsWeighted>0</bIsWeighted>
      <QtyInPackage>לא ידוע</QtyInPackage>
      <ItemPrice>9.00</ItemPrice>
      <UnitOfMeasurePrice>9.00</UnitOfMeasurePrice>
      <AllowDiscount>1</AllowDiscount>
      <ItemStatus/>
    </Item>
    <Item>
      <PriceUpdateTime>2025-07-08T10:08:07.000</PriceUpdateTime>
      <ItemCode>7290119778140</ItemCode>
      <LastSaleDateTime>2015-01-01T00:00:00.000</LastSaleDateTime>
      <ItemType>1</ItemType>
      <ItemName>שוופס קוקטייל טעם רו</ItemName>
      <ManufactureName>לא ידוע</ManufactureName>
      <ManufactureCountry>לא ידוע</ManufactureCountry>
      <ManufactureItemDescription>שוופס קוקטייל טעם רו</ManufactureItemDescription>
      <UnitQty>לא ידוע</UnitQty>
      <Quantity>330.00</Quantity>
      <UnitOfMeasure>100 מ"ל</UnitOfMeasure>
      <bIsWeighted>0</bIsWeighted>
      <QtyInPackage>לא ידוע</QtyInPackage>
      <ItemPrice>12.50</ItemPrice>
      <UnitOfMeasurePrice>0.04</UnitOfMeasurePrice>
      <AllowDiscount>1</AllowDiscount>
      <ItemStatus>2</ItemStatus>
    </Item>
    <Item>
      <PriceUpdateTime>2025-07-08T10:08:07.000</PriceUpdateTime>
      <ItemCode>7290119778140</ItemCode>
      <LastSaleDateTime>2015-01-01T00:00:00.000</LastSaleDateTime>
      <ItemType>1</ItemType>
      <ItemName>שוופס קוקטייל טעם רו</ItemName>
      <ManufactureName>לא ידוע</ManufactureName>
      <ManufactureCountry>לא ידוע</ManufactureCountry>
      <ManufactureItemDescription>שוופס קוקטייל טעם רו</ManufactureItemDescription>
      <UnitQty>לא ידוע</UnitQty>
      <Quantity>330.00</Quantity>
      <UnitOfMeasure>100 מ"ל</UnitOfMeasure>
      <bIsWeighted>0</bIsWeighted>
      <QtyInPackage>לא ידוע</QtyInPackage>
      <ItemPrice>12.50</ItemPrice>
      <UnitOfMeasurePrice>0.04</UnitOfMeasurePrice>
      <AllowDiscount>1</AllowDiscount>
      <ItemStatus/>
    </Item>
    <Item>
      <PriceUpdateTime>2025-07-08T10:08:07.000</PriceUpdateTime>
      <ItemCode>7290119778195</ItemCode>
      <LastSaleDateTime>2025-07-29T00:00:00.000</LastSaleDateTime>
      <ItemType>1</ItemType>
      <ItemName>שוופס קוקטייל בטעם מ</ItemName>
      <ManufactureName>לא ידוע</ManufactureName>
      <ManufactureCountry>לא ידוע</ManufactureCountry>
      <ManufactureItemDescription>שוופס קוקטייל בטעם מ</ManufactureItemDescription>
      <UnitQty>לא ידוע</UnitQty>
      <Quantity>330.00</Quantity>
      <UnitOfMeasure>100 מ"ל</UnitOfMeasure>
      <bIsWeighted>0</bIsWeighted>
      <QtyInPackage>לא ידוע</QtyInPackage>
      <ItemPrice>12.50</ItemPrice>
      <UnitOfMeasurePrice>0.04</UnitOfMeasurePrice>
      <AllowDiscount>1</AllowDiscount>
      <ItemStatus>2</ItemStatus>
    </Item>
    <Item>
      <PriceUpdateTime>2025-07-08T10:08:07.000</PriceUpdateTime>
      <ItemCode>7290119778195</ItemCode>
      <LastSaleDateTime>2025-07-29T00:00:00.000</LastSaleDateTime>
      <ItemType>1</ItemType>
      <ItemName>שוופס קוקטייל בטעם מ</ItemName>
      <ManufactureName>לא ידוע</ManufactureName>
      <ManufactureCountry>לא ידוע</ManufactureCountry>
      <ManufactureItemDescription>שוופס קוקטייל בטעם מ</ManufactureItemDescription>
      <UnitQty>לא ידוע</UnitQty>
      <Quantity>330.00</Quantity>
      <UnitOfMeasure>100 מ"ל</UnitOfMeasure>
      <bIsWeighted>0</bIsWeighted>
      <QtyInPackage>לא ידוע</QtyInPackage>
      <ItemPrice>12.50</ItemPrice>
      <UnitOfMeasurePrice>0.04</UnitOfMeasurePrice>
      <AllowDiscount>1</AllowDiscount>
      <ItemStatus/>
    </Item>
    <Item>
      <PriceUpdateTime>2025-07-08T10:08:07.000</PriceUpdateTime>
      <ItemCode>7290119778249</ItemCode>
      <LastSaleDateTime>2025-07-22T00:00:00.000</LastSaleDateTime>
      <ItemType>1</ItemType>
      <ItemName>שוופס קוקטייל בטעם ל</ItemName>
      <ManufactureName>לא ידוע</ManufactureName>
      <ManufactureCountry>לא ידוע</ManufactureCountry>
      <ManufactureItemDescription>שוופס קוקטייל בטעם ל</ManufactureItemDescription>
      <UnitQty>לא ידוע</UnitQty>
      <Quantity>330.00</Quantity>
      <UnitOfMeasure>100 מ"ל</UnitOfMeasure>
      <bIsWeighted>0</bIsWeighted>
      <QtyInPackage>לא ידוע</QtyInPackage>
      <ItemPrice>12.50</ItemPrice>
      <UnitOfMeasurePrice>0.04</UnitOfMeasurePrice>
      <AllowDiscount>1</AllowDiscount>
      <ItemStatus>2</ItemStatus>
    </Item>
    <Item>
      <PriceUpdateTime>2025-07-08T10:08:07.000</PriceUpdateTime>
      <ItemCode>7290119778249</ItemCode>
      <LastSaleDateTime>2025-07-22T00:00:00.000</LastSaleDateTime>
      <ItemType>1</ItemType>
      <ItemName>שוופס קוקטייל בטעם ל</ItemName>
      <ManufactureName>לא ידוע</ManufactureName>
      <ManufactureCountry>לא ידוע</ManufactureCountry>
      <ManufactureItemDescription>שוופס קוקטייל בטעם ל</ManufactureItemDescription>
      <UnitQty>לא ידוע</UnitQty>
      <Quantity>330.00</Quantity>
      <UnitOfMeasure>100 מ"ל</UnitOfMeasure>
      <bIsWeighted>0</bIsWeighted>
      <QtyInPackage>לא ידוע</QtyInPackage>
      <ItemPrice>12.50</ItemPrice>
      <UnitOfMeasurePrice>0.04</UnitOfMeasurePrice>
      <AllowDiscount>1</AllowDiscount>
      <ItemStatus/>
    </Item>
    <Item>
      <PriceUpdateTime>2025-07-08T10:34:40.000</PriceUpdateTime>
      <ItemCode>7290018441220</ItemCode>
      <LastSaleDateTime>2026-01-22T15:03:23.000</LastSaleDateTime>
      <ItemType>1</ItemType>
      <ItemName>מאגדת טילון בצק עוגי</ItemName>
      <ManufactureName>לא ידוע</ManufactureName>
      <ManufactureCountry>לא ידוע</ManufactureCountry>
      <ManufactureItemDescription>מאגדת טילון בצק עוגי</ManufactureItemDescription>
      <UnitQty>לא ידוע</UnitQty>
      <Quantity>400.00</Quantity>
      <UnitOfMeasure>100 מ"ל</UnitOfMeasure>
      <bIsWeighted>0</bIsWeighted>
      <QtyInPackage>לא ידוע</QtyInPackage>
      <ItemPrice>24.90</ItemPrice>
      <UnitOfMeasurePrice>0.06</UnitOfMeasurePrice>
      <AllowDiscount>1</AllowDiscount>
      <ItemStatus/>
    </Item>
    <Item>
      <PriceUpdateTime>2025-07-08T10:34:49.000</PriceUpdateTime>
      <ItemCode>7290118427728</ItemCode>
      <LastSaleDateTime>2026-01-29T11:56:39.000</LastSaleDateTime>
      <ItemType>1</ItemType>
      <ItemName>מנה חמה ווק אורז בטע</ItemName>
      <ManufactureName>לא ידוע</ManufactureName>
      <ManufactureCountry>לא ידוע</ManufactureCountry>
      <ManufactureItemDescription>מנה חמה ווק אורז בטע</ManufactureItemDescription>
      <UnitQty>גרם</UnitQty>
      <Quantity>70.00</Quantity>
      <UnitOfMeasure>100 גרם</UnitOfMeasure>
      <bIsWeighted>0</bIsWeighted>
      <QtyInPackage>לא ידוע</QtyInPackage>
      <ItemPrice>11.90</ItemPrice>
      <UnitOfMeasurePrice>17.00</UnitOfMeasurePrice>
      <AllowDiscount>1</AllowDiscount>
      <ItemStatus/>
    </Item>
    <Item>
      <PriceUpdateTime>2025-07-08T10:35:47.000</PriceUpdateTime>
      <ItemCode>7290011065324</ItemCode>
      <LastSaleDateTime>2026-01-22T19:50:30.000</LastSaleDateTime>
      <ItemType>1</ItemType>
      <ItemName>פפריקה מתוקה 80ג שקי</ItemName>
      <ManufactureName>לא ידוע</ManufactureName>
      <ManufactureCountry>לא ידוע</ManufactureCountry>
      <ManufactureItemDescription>פפריקה מתוקה 80ג שקי</ManufactureItemDescription>
      <UnitQty>גרם</UnitQty>
      <Quantity>80.00</Quantity>
      <UnitOfMeasure>100 גרם</UnitOfMeasure>
      <bIsWeighted>0</bIsWeighted>
      <QtyInPackage>לא ידוע</QtyInPackage>
      <ItemPrice>4.90</ItemPrice>
      <UnitOfMeasurePrice>6.13</UnitOfMeasurePrice>
      <AllowDiscount>1</AllowDiscount>
      <ItemStatus/>
    </Item>
    <Item>
      <PriceUpdateTime>2025-07-08T13:06:00.000</PriceUpdateTime>
      <ItemCode>7290012275401</ItemCode>
      <LastSaleDateTime>2015-01-01T00:00:00.000</LastSaleDateTime>
      <ItemType>1</ItemType>
      <ItemName>בירה מולר 500 מל</ItemName>
      <ManufactureName>לא ידוע</ManufactureName>
      <ManufactureCountry>לא ידוע</ManufactureCountry>
      <ManufactureItemDescription>בירה מולר 500 מל</ManufactureItemDescription>
      <UnitQty>לא ידוע</UnitQty>
      <Quantity>500.00</Quantity>
      <UnitOfMeasure>100 מ"ל</UnitOfMeasure>
      <bIsWeighted>0</bIsWeighted>
      <QtyInPackage>לא ידוע</QtyInPackage>
      <ItemPrice>4.90</ItemPrice>
      <UnitOfMeasurePrice>0.01</UnitOfMeasurePrice>
      <AllowDiscount>1</AllowDiscount>
      <ItemStatus>2</ItemStatus>
    </Item>
    <Item>
      <PriceUpdateTime>2025-07-08T13:06:00.000</PriceUpdateTime>
      <ItemCode>7290012275401</ItemCode>
      <LastSaleDateTime>2015-01-01T00:00:00.000</LastSaleDateTime>
      <ItemType>1</ItemType>
      <ItemName>בירה מולר 500 מל</ItemName>
      <ManufactureName>לא ידוע</ManufactureName>
      <ManufactureCountry>לא ידוע</ManufactureCountry>
      <ManufactureItemDescription>בירה מולר 500 מל</ManufactureItemDescription>
      <UnitQty>לא ידוע</UnitQty>
      <Quantity>500.00</Quantity>
      <UnitOfMeasure>100 מ"ל</UnitOfMeasure>
      <bIsWeighted>0</bIsWeighted>
      <QtyInPackage>לא ידוע</QtyInPackage>
      <ItemPrice>4.90</ItemPrice>
      <UnitOfMeasurePrice>0.01</UnitOfMeasurePrice>
      <AllowDiscount>1</AllowDiscount>
      <ItemStatus/>
    </Item>
    <Item>
      <PriceUpdateTime>2025-07-08T13:09:21.000</PriceUpdateTime>
      <ItemCode>7290109842745</ItemCode>
      <LastSaleDateTime>2015-01-01T00:00:00.000</LastSaleDateTime>
      <ItemType>1</ItemType>
      <ItemName>בירה מולר 500 מל</ItemName>
      <ManufactureName>לא ידוע</ManufactureName>
      <ManufactureCountry>לא ידוע</ManufactureCountry>
      <ManufactureItemDescription>בירה מולר 500 מל</ManufactureItemDescription>
      <UnitQty>לא ידוע</UnitQty>
      <Quantity>500.00</Quantity>
      <UnitOfMeasure>100 מ"ל</UnitOfMeasure>
      <bIsWeighted>0</bIsWeighted>
      <QtyInPackage>לא ידוע</QtyInPackage>
      <ItemPrice>4.90</ItemPrice>
      <UnitOfMeasurePrice>0.01</UnitOfMeasurePrice>
      <AllowDiscount>1</AllowDiscount>
      <ItemStatus>2</ItemStatus>
    </Item>
    <Item>
      <PriceUpdateTime>2025-07-08T13:09:21.000</PriceUpdateTime>
      <ItemCode>7290109842745</ItemCode>
      <LastSaleDateTime>2015-01-01T00:00:00.000</LastSaleDateTime>
      <ItemType>1</ItemType>
      <ItemName>בירה מולר 500 מל</ItemName>
      <ManufactureName>לא ידוע</ManufactureName>
      <ManufactureCountry>לא ידוע</ManufactureCountry>
      <ManufactureItemDescription>בירה מולר 500 מל</ManufactureItemDescription>
      <UnitQty>לא ידוע</UnitQty>
      <Quantity>500.00</Quantity>
      <UnitOfMeasure>100 מ"ל</UnitOfMeasure>
      <bIsWeighted>0</bIsWeighted>
      <QtyInPackage>לא ידוע</QtyInPackage>
      <ItemPrice>4.90</ItemPrice>
      <UnitOfMeasurePrice>0.01</UnitOfMeasurePrice>
      <AllowDiscount>1</AllowDiscount>
      <ItemStatus/>
    </Item>
    <Item>
      <PriceUpdateTime>2025-07-08T13:09:21.000</PriceUpdateTime>
      <ItemCode>7290017967004</ItemCode>
      <LastSaleDateTime>2015-01-01T00:00:00.000</LastSaleDateTime>
      <ItemType>1</ItemType>
      <ItemName>בירה קייזר בקבוק 500</ItemName>
      <ManufactureName>לא ידוע</ManufactureName>
      <ManufactureCountry>לא ידוע</ManufactureCountry>
      <ManufactureItemDescription>בירה קייזר בקבוק 500</ManufactureItemDescription>
      <UnitQty>לא ידוע</UnitQty>
      <Quantity>500.00</Quantity>
      <UnitOfMeasure>100 מ"ל</UnitOfMeasure>
      <bIsWeighted>0</bIsWeighted>
      <QtyInPackage>לא ידוע</QtyInPackage>
      <ItemPrice>4.90</ItemPrice>
      <UnitOfMeasurePrice>0.01</UnitOfMeasurePrice>
      <AllowDiscount>1</AllowDiscount>
      <ItemStatus>2</ItemStatus>
    </Item>
    <Item>
      <PriceUpdateTime>2025-07-08T13:09:21.000</PriceUpdateTime>
      <ItemCode>7290017967004</ItemCode>
      <LastSaleDateTime>2015-01-01T00:00:00.000</LastSaleDateTime>
      <ItemType>1</ItemType>
      <ItemName>בירה קייזר בקבוק 500</ItemName>
      <ManufactureName>לא ידוע</ManufactureName>
      <ManufactureCountry>לא ידוע</ManufactureCountry>
      <ManufactureItemDescription>בירה קייזר בקבוק 500</ManufactureItemDescription>
      <UnitQty>לא ידוע</UnitQty>
      <Quantity>500.00</Quantity>
      <UnitOfMeasure>100 מ"ל</UnitOfMeasure>
      <bIsWeighted>0</bIsWeighted>
      <QtyInPackage>לא ידוע</QtyInPackage>
      <ItemPrice>4.90</ItemPrice>
      <UnitOfMeasurePrice>0.01</UnitOfMeasurePrice>
      <AllowDiscount>1</AllowDiscount>
      <ItemStatus/>
    </Item>
    <Item>
      <PriceUpdateTime>2025-07-09T11:19:18.000</PriceUpdateTime>
      <ItemCode>7290015835114</ItemCode>
      <LastSaleDateTime>2026-01-28T19:57:41.000</LastSaleDateTime>
      <ItemType>1</ItemType>
      <ItemName>צמר פלדה רמי לוי 100</ItemName>
      <ManufactureName>רמי לוי</ManufactureName>
      <ManufactureCountry>לא ידוע</ManufactureCountry>
      <ManufactureItemDescription>צמר פלדה רמי לוי 100</ManufactureItemDescription>
      <UnitQty>גרם</UnitQty>
      <Quantity>100.00</Quantity>
      <UnitOfMeasure>100 גרם</UnitOfMeasure>
      <bIsWeighted>0</bIsWeighted>
      <QtyInPackage>לא ידוע</QtyInPackage>
      <ItemPrice>2.90</ItemPrice>
      <UnitOfMeasurePrice>2.90</UnitOfMeasurePrice>
      <AllowDiscount>1</AllowDiscount>
      <ItemStatus/>
    </Item>
    <Item>
      <PriceUpdateTime>2025-07-09T14:27:32.000</PriceUpdateTime>
      <ItemCode>7290012803321</ItemCode>
      <LastSaleDateTime>2026-01-22T17:32:23.000</LastSaleDateTime>
      <ItemType>1</ItemType>
      <ItemName>מר' סוכרלוז 200שקיות</ItemName>
      <ManufactureName>מרמולייט</ManufactureName>
      <ManufactureCountry>ישראל</ManufactureCountry>
      <ManufactureItemDescription>מר' סוכרלוז 200שקיות</ManufactureItemDescription>
      <UnitQty>גרם</UnitQty>
      <Quantity>200.00</Quantity>
      <UnitOfMeasure>100 גרם</UnitOfMeasure>
      <bIsWeighted>0</bIsWeighted>
      <QtyInPackage>לא ידוע</QtyInPackage>
      <ItemPrice>39.90</ItemPrice>
      <UnitOfMeasurePrice>19.95</UnitOfMeasurePrice>
      <AllowDiscount>1</AllowDiscount>
      <ItemStatus/>
    </Item>
    <Item>
      <PriceUpdateTime>2025-07-10T13:39:00.000</PriceUpdateTime>
      <ItemCode>7290118427544</ItemCode>
      <LastSaleDateTime>2026-01-22T19:51:26.000</LastSaleDateTime>
      <ItemType>1</ItemType>
      <ItemName>אסם נודלס אטריות ביצ</ItemName>
      <ManufactureName>לא ידוע</ManufactureName>
      <ManufactureCountry>לא ידוע</ManufactureCountry>
      <ManufactureItemDescription>אסם נודלס אטריות ביצ</ManufactureItemDescription>
      <UnitQty>גרם</UnitQty>
      <Quantity>300.00</Quantity>
      <UnitOfMeasure>100 גרם</UnitOfMeasure>
      <bIsWeighted>0</bIsWeighted>
      <QtyInPackage>לא ידוע</QtyInPackage>
      <ItemPrice>10.90</ItemPrice>
      <UnitOfMeasurePrice>3.63</UnitOfMeasurePrice>
      <AllowDiscount>1</AllowDiscount>
      <ItemStatus/>
    </Item>
    <Item>
      <PriceUpdateTime>2025-07-10T14:42:12.000</PriceUpdateTime>
      <ItemCode>7290008351461</ItemCode>
      <LastSaleDateTime>2026-01-28T19:41:12.000</LastSaleDateTime>
      <ItemType>1</ItemType>
      <ItemName>פילה סלמון מעושן קפו</ItemName>
      <ManufactureName>לא ידוע</ManufactureName>
      <ManufactureCountry>לא ידוע</ManufactureCountry>
      <ManufactureItemDescription>פילה סלמון מעושן קפו</ManufactureItemDescription>
      <UnitQty>יחידות</UnitQty>
      <Quantity>0.00</Quantity>
      <UnitOfMeasure>יחידה   </UnitOfMeasure>
      <bIsWeighted>0</bIsWeighted>
      <QtyInPackage>לא ידוע</QtyInPackage>
      <ItemPrice>14.90</ItemPrice>
      <UnitOfMeasurePrice>0.00</UnitOfMeasurePrice>
      <AllowDiscount>1</AllowDiscount>
      <ItemStatus/>
    </Item>
    <Item>
      <PriceUpdateTime>2025-07-13T13:30:13.000</PriceUpdateTime>
      <ItemCode>3290015253062</ItemCode>
      <LastSaleDateTime>2026-01-22T17:38:17.000</LastSaleDateTime>
      <ItemType>1</ItemType>
      <ItemName>פחמים 2 ק"ג רמי לוי</ItemName>
      <ManufactureName>לא ידוע</ManufactureName>
      <ManufactureCountry>לא ידוע</ManufactureCountry>
      <ManufactureItemDescription>פחמים 2 ק"ג רמי לוי</ManufactureItemDescription>
      <UnitQty>קילוגרמים</UnitQty>
      <Quantity>2.00</Quantity>
      <UnitOfMeasure>100 ק"ג</UnitOfMeasure>
      <bIsWeighted>0</bIsWeighted>
      <QtyInPackage>לא ידוע</QtyInPackage>
      <ItemPrice>10.90</ItemPrice>
      <UnitOfMeasurePrice>5.45</UnitOfMeasurePrice>
      <AllowDiscount>1</AllowDiscount>
      <ItemStatus/>
    </Item>
    <Item>
      <PriceUpdateTime>2025-07-13T13:30:13.000</PriceUpdateTime>
      <ItemCode>5566774569440</ItemCode>
      <LastSaleDateTime>2026-01-28T11:03:52.000</LastSaleDateTime>
      <ItemType>1</ItemType>
      <ItemName>ידית סיליקון לסירים</ItemName>
      <ManufactureName>לא ידוע</ManufactureName>
      <ManufactureCountry>לא ידוע</ManufactureCountry>
      <ManufactureItemDescription>ידית סיליקון לסירים</ManufactureItemDescription>
      <UnitQty>לא ידוע</UnitQty>
      <Quantity>1.00</Quantity>
      <UnitOfMeasure>יח'</UnitOfMeasure>
      <bIsWeighted>0</bIsWeighted>
      <QtyInPackage>לא ידוע</QtyInPackage>
      <ItemPrice>9.90</ItemPrice>
      <UnitOfMeasurePrice>9.90</UnitOfMeasurePrice>
      <AllowDiscount>1</AllowDiscount>
      <ItemStatus/>
    </Item>
    <Item>
      <PriceUpdateTime>2025-07-13T13:30:14.000</PriceUpdateTime>
      <ItemCode>5566774570439</ItemCode>
      <LastSaleDateTime>2026-01-22T12:50:59.000</LastSaleDateTime>
      <ItemType>1</ItemType>
      <ItemName>פורס ביצה משובח</ItemName>
      <ManufactureName>לא ידוע</ManufactureName>
      <ManufactureCountry>לא ידוע</ManufactureCountry>
      <ManufactureItemDescription>פורס ביצה משובח</ManufactureItemDescription>
      <UnitQty>לא ידוע</UnitQty>
      <Quantity>1.00</Quantity>
      <UnitOfMeasure>יח'</UnitOfMeasure>
      <bIsWeighted>0</bIsWeighted>
      <QtyInPackage>לא ידוע</QtyInPackage>
      <ItemPrice>14.90</ItemPrice>
      <UnitOfMeasurePrice>14.90</UnitOfMeasurePrice>
      <AllowDiscount>1</AllowDiscount>
      <ItemStatus/>
    </Item>
    <Item>
      <PriceUpdateTime>2025-07-13T13:30:14.000</PriceUpdateTime>
      <ItemCode>5566774570835</ItemCode>
      <LastSaleDateTime>2026-01-28T16:20:45.000</LastSaleDateTime>
      <ItemType>1</ItemType>
      <ItemName>רצועת רחצה עם ידית ר</ItemName>
      <ManufactureName>לא ידוע</ManufactureName>
      <ManufactureCountry>לא ידוע</ManufactureCountry>
      <ManufactureItemDescription>רצועת רחצה עם ידית ר</ManufactureItemDescription>
      <UnitQty>לא ידוע</UnitQty>
      <Quantity>1.00</Quantity>
      <UnitOfMeasure>יח'</UnitOfMeasure>
      <bIsWeighted>0</bIsWeighted>
      <QtyInPackage>לא ידוע</QtyInPackage>
      <ItemPrice>9.90</ItemPrice>
      <UnitOfMeasurePrice>9.90</UnitOfMeasurePrice>
      <AllowDiscount>1</AllowDiscount>
      <ItemStatus/>
    </Item>
    <Item>
      <PriceUpdateTime>2025-07-13T13:30:14.000</PriceUpdateTime>
      <ItemCode>5566774570859</ItemCode>
      <LastSaleDateTime>2026-01-22T14:51:48.000</LastSaleDateTime>
      <ItemType>1</ItemType>
      <ItemName>רצועת רחצה עדינה רמי</ItemName>
      <ManufactureName>לא ידוע</ManufactureName>
      <ManufactureCountry>לא ידוע</ManufactureCountry>
      <ManufactureItemDescription>רצועת רחצה עדינה רמי</ManufactureItemDescription>
      <UnitQty>לא ידוע</UnitQty>
      <Quantity>1.00</Quantity>
      <UnitOfMeasure>יח'</UnitOfMeasure>
      <bIsWeighted>0</bIsWeighted>
      <QtyInPackage>לא ידוע</QtyInPackage>
      <ItemPrice>7.90</ItemPrice>
      <UnitOfMeasurePrice>7.90</UnitOfMeasurePrice>
      <AllowDiscount>1</AllowDiscount>
      <ItemStatus/>
    </Item>
    <Item>
      <PriceUpdateTime>2025-07-13T13:30:14.000</PriceUpdateTime>
      <ItemCode>5566774570866</ItemCode>
      <LastSaleDateTime>2026-01-22T19:15:29.000</LastSaleDateTime>
      <ItemType>1</ItemType>
      <ItemName>ספוג רחצה פירות רמיל</ItemName>
      <ManufactureName>לא ידוע</ManufactureName>
      <ManufactureCountry>לא ידוע</ManufactureCountry>
      <ManufactureItemDescription>ספוג רחצה פירות רמיל</ManufactureItemDescription>
      <UnitQty>לא ידוע</UnitQty>
      <Quantity>1.00</Quantity>
      <UnitOfMeasure>יח'</UnitOfMeasure>
      <bIsWeighted>0</bIsWeighted>
      <QtyInPackage>לא ידוע</QtyInPackage>
      <ItemPrice>4.90</ItemPrice>
      <UnitOfMeasurePrice>4.90</UnitOfMeasurePrice>
      <AllowDiscount>1</AllowDiscount>
      <ItemStatus/>
    </Item>
    <Item>
      <PriceUpdateTime>2025-07-13T13:30:14.000</PriceUpdateTime>
      <ItemCode>5566774571122</ItemCode>
      <LastSaleDateTime>2026-01-22T15:32:45.000</LastSaleDateTime>
      <ItemType>1</ItemType>
      <ItemName>סכין רב שימושית משוב</ItemName>
      <ManufactureName>לא ידוע</ManufactureName>
      <ManufactureCountry>לא ידוע</ManufactureCountry>
      <ManufactureItemDescription>סכין רב שימושית משוב</ManufactureItemDescription>
      <UnitQty>לא ידוע</UnitQty>
      <Quantity>1.00</Quantity>
      <UnitOfMeasure>יח'</UnitOfMeasure>
      <bIsWeighted>0</bIsWeighted>
      <QtyInPackage>לא ידוע</QtyInPackage>
      <ItemPrice>9.90</ItemPrice>
      <UnitOfMeasurePrice>9.90</UnitOfMeasurePrice>
      <AllowDiscount>1</AllowDiscount>
      <ItemStatus/>
    </Item>
    <Item>
      <PriceUpdateTime>2025-07-13T13:30:15.000</PriceUpdateTime>
      <ItemCode>5566774573713</ItemCode>
      <LastSaleDateTime>2026-01-28T11:37:04.000</LastSaleDateTime>
      <ItemType>1</ItemType>
      <ItemName>צנצנת זכוכית עם מכסה</ItemName>
      <ManufactureName>לא ידוע</ManufactureName>
      <ManufactureCountry>לא ידוע</ManufactureCountry>
      <ManufactureItemDescription>צנצנת זכוכית עם מכסה</ManufactureItemDescription>
      <UnitQty>לא ידוע</UnitQty>
      <Quantity>1.00</Quantity>
      <UnitOfMeasure>יח'</UnitOfMeasure>
      <bIsWeighted>0</bIsWeighted>
      <QtyInPackage>לא ידוע</QtyInPackage>
      <ItemPrice>11.90</ItemPrice>
      <UnitOfMeasurePrice>11.90</UnitOfMeasurePrice>
      <AllowDiscount>1</AllowDiscount>
      <ItemStatus/>
    </Item>
    <Item>
      <PriceUpdateTime>2025-07-13T13:30:18.000</PriceUpdateTime>
      <ItemCode>7290015181181</ItemCode>
      <LastSaleDateTime>2026-01-22T13:07:55.000</LastSaleDateTime>
      <ItemType>1</ItemType>
      <ItemName>מברשת לאסלה ראטן</ItemName>
      <ManufactureName>לא ידוע</ManufactureName>
      <ManufactureCountry>לא ידוע</ManufactureCountry>
      <ManufactureItemDescription>מברשת לאסלה ראטן</ManufactureItemDescription>
      <UnitQty>לא ידוע</UnitQty>
      <Quantity>1.00</Quantity>
      <UnitOfMeasure>יח'</UnitOfMeasure>
      <bIsWeighted>0</bIsWeighted>
      <QtyInPackage>לא ידוע</QtyInPackage>
      <ItemPrice>24.90</ItemPrice>
      <UnitOfMeasurePrice>24.90</UnitOfMeasurePrice>
      <AllowDiscount>1</AllowDiscount>
      <ItemStatus/>
    </Item>
    <Item>
      <PriceUpdateTime>2025-07-13T13:30:18.000</PriceUpdateTime>
      <ItemCode>7290016132342</ItemCode>
      <LastSaleDateTime>2026-01-22T18:39:09.000</LastSaleDateTime>
      <ItemType>1</ItemType>
      <ItemName>סט קולבים 6 יח</ItemName>
      <ManufactureName>לא ידוע</ManufactureName>
      <ManufactureCountry>לא ידוע</ManufactureCountry>
      <ManufactureItemDescription>סט קולבים 6 יח</ManufactureItemDescription>
      <UnitQty>לא ידוע</UnitQty>
      <Quantity>1.00</Quantity>
      <UnitOfMeasure>יח'</UnitOfMeasure>
      <bIsWeighted>0</bIsWeighted>
      <QtyInPackage>לא ידוע</QtyInPackage>
      <ItemPrice>8.90</ItemPrice>
      <UnitOfMeasurePrice>8.90</UnitOfMeasurePrice>
      <AllowDiscount>1</AllowDiscount>
      <ItemStatus/>
    </Item>
    <Item>
      <PriceUpdateTime>2025-07-13T13:30:18.000</PriceUpdateTime>
      <ItemCode>7290019633303</ItemCode>
      <LastSaleDateTime>2026-01-22T12:50:59.000</LastSaleDateTime>
      <ItemType>1</ItemType>
      <ItemName>מיכל חמוצון פלסטיק</ItemName>
      <ManufactureName>לא ידוע</ManufactureName>
      <ManufactureCountry>לא ידוע</ManufactureCountry>
      <ManufactureItemDescription>מיכל חמוצון פלסטיק</ManufactureItemDescription>
      <UnitQty>לא ידוע</UnitQty>
      <Quantity>1.00</Quantity>
      <UnitOfMeasure>יח'</UnitOfMeasure>
      <bIsWeighted>0</bIsWeighted>
      <QtyInPackage>לא ידוע</QtyInPackage>
      <ItemPrice>12.90</ItemPrice>
      <UnitOfMeasurePrice>12.90</UnitOfMeasurePrice>
      <AllowDiscount>1</AllowDiscount>
      <ItemStatus/>
    </Item>
    <Item>
      <PriceUpdateTime>2025-07-13T13:30:19.000</PriceUpdateTime>
      <ItemCode>7290120125360</ItemCode>
      <LastSaleDateTime>2026-01-29T10:04:13.000</LastSaleDateTime>
      <ItemType>1</ItemType>
      <ItemName>טוסקנה צלחת 9' נצנץ</ItemName>
      <ManufactureName>לא ידוע</ManufactureName>
      <ManufactureCountry>לא ידוע</ManufactureCountry>
      <ManufactureItemDescription>טוסקנה צלחת 9' נצנץ</ManufactureItemDescription>
      <UnitQty>יחידות</UnitQty>
      <Quantity>0.00</Quantity>
      <UnitOfMeasure>יחידה   </UnitOfMeasure>
      <bIsWeighted>0</bIsWeighted>
      <QtyInPackage>לא ידוע</QtyInPackage>
      <ItemPrice>11.90</ItemPrice>
      <UnitOfMeasurePrice>0.00</UnitOfMeasurePrice>
      <AllowDiscount>1</AllowDiscount>
      <ItemStatus/>
    </Item>
    <Item>
      <PriceUpdateTime>2025-07-13T13:31:51.000</PriceUpdateTime>
      <ItemCode>7290116053875</ItemCode>
      <LastSaleDateTime>2026-01-28T14:26:43.000</LastSaleDateTime>
      <ItemType>1</ItemType>
      <ItemName>מלקחיים נירסוטה</ItemName>
      <ManufactureName>לא ידוע</ManufactureName>
      <ManufactureCountry>לא ידוע</ManufactureCountry>
      <ManufactureItemDescription>מלקחיים נירסוטה</ManufactureItemDescription>
      <UnitQty>לא ידוע</UnitQty>
      <Quantity>1.00</Quantity>
      <UnitOfMeasure>יח'</UnitOfMeasure>
      <bIsWeighted>0</bIsWeighted>
      <QtyInPackage>לא ידוע</QtyInPackage>
      <ItemPrice>3.90</ItemPrice>
      <UnitOfMeasurePrice>3.90</UnitOfMeasurePrice>
      <AllowDiscount>1</AllowDiscount>
      <ItemStatus/>
    </Item>
    <Item>
      <PriceUpdateTime>2025-07-13T13:31:51.000</PriceUpdateTime>
      <ItemCode>7290116053882</ItemCode>
      <LastSaleDateTime>2026-01-22T16:01:10.000</LastSaleDateTime>
      <ItemType>1</ItemType>
      <ItemName>מלקחיים נירוסטה</ItemName>
      <ManufactureName>לא ידוע</ManufactureName>
      <ManufactureCountry>לא ידוע</ManufactureCountry>
      <ManufactureItemDescription>מלקחיים נירוסטה</ManufactureItemDescription>
      <UnitQty>לא ידוע</UnitQty>
      <Quantity>1.00</Quantity>
      <UnitOfMeasure>יח'</UnitOfMeasure>
      <bIsWeighted>0</bIsWeighted>
      <QtyInPackage>לא ידוע</QtyInPackage>
      <ItemPrice>7.90</ItemPrice>
      <UnitOfMeasurePrice>7.90</UnitOfMeasurePrice>
      <AllowDiscount>1</AllowDiscount>
      <ItemStatus/>
    </Item>
    <Item>
      <PriceUpdateTime>2025-07-13T15:20:41.000</PriceUpdateTime>
      <ItemCode>7290118070160</ItemCode>
      <LastSaleDateTime>2026-01-29T17:46:06.000</LastSaleDateTime>
      <ItemType>1</ItemType>
      <ItemName>ראש דוש TOP+צינור 1</ItemName>
      <ManufactureName>לא ידוע</ManufactureName>
      <ManufactureCountry>לא ידוע</ManufactureCountry>
      <ManufactureItemDescription>ראש דוש TOP+צינור 1</ManufactureItemDescription>
      <UnitQty>לא ידוע</UnitQty>
      <Quantity>1.00</Quantity>
      <UnitOfMeasure>יח'</UnitOfMeasure>
      <bIsWeighted>0</bIsWeighted>
      <QtyInPackage>לא ידוע</QtyInPackage>
      <ItemPrice>29.90</ItemPrice>
      <UnitOfMeasurePrice>29.90</UnitOfMeasurePrice>
      <AllowDiscount>1</AllowDiscount>
      <ItemStatus/>
    </Item>
    <Item>
      <PriceUpdateTime>2025-07-13T15:20:41.000</PriceUpdateTime>
      <ItemCode>7290118070252</ItemCode>
      <LastSaleDateTime>2026-01-29T18:24:04.000</LastSaleDateTime>
      <ItemType>1</ItemType>
      <ItemName>מארז בלונים 50יח</ItemName>
      <ManufactureName>לא ידוע</ManufactureName>
      <ManufactureCountry>לא ידוע</ManufactureCountry>
      <ManufactureItemDescription>מארז בלונים 50יח</ManufactureItemDescription>
      <UnitQty>לא ידוע</UnitQty>
      <Quantity>1.00</Quantity>
      <UnitOfMeasure>יח'</UnitOfMeasure>
      <bIsWeighted>0</bIsWeighted>
      <QtyInPackage>לא ידוע</QtyInPackage>
      <ItemPrice>12.90</ItemPrice>
      <UnitOfMeasurePrice>12.90</UnitOfMeasurePrice>
      <AllowDiscount>1</AllowDiscount>
      <ItemStatus/>
    </Item>
    <Item>
      <PriceUpdateTime>2025-07-13T15:20:41.000</PriceUpdateTime>
      <ItemCode>7290118070269</ItemCode>
      <LastSaleDateTime>2026-01-29T19:02:05.000</LastSaleDateTime>
      <ItemType>1</ItemType>
      <ItemName>שיפודי ברזל</ItemName>
      <ManufactureName>לא ידוע</ManufactureName>
      <ManufactureCountry>לא ידוע</ManufactureCountry>
      <ManufactureItemDescription>שיפודי ברזל</ManufactureItemDescription>
      <UnitQty>לא ידוע</UnitQty>
      <Quantity>1.00</Quantity>
      <UnitOfMeasure>יח'</UnitOfMeasure>
      <bIsWeighted>0</bIsWeighted>
      <QtyInPackage>לא ידוע</QtyInPackage>
      <ItemPrice>11.90</ItemPrice>
      <UnitOfMeasurePrice>11.90</UnitOfMeasurePrice>
      <AllowDiscount>1</AllowDiscount>
      <ItemStatus/>
    </Item>
    <Item>
      <PriceUpdateTime>2025-07-13T15:20:42.000</PriceUpdateTime>
      <ItemCode>7290118073352</ItemCode>
      <LastSaleDateTime>2026-01-22T19:31:12.000</LastSaleDateTime>
      <ItemType>1</ItemType>
      <ItemName>שעון שבת / טיימר</ItemName>
      <ManufactureName>לא ידוע</ManufactureName>
      <ManufactureCountry>לא ידוע</ManufactureCountry>
      <ManufactureItemDescription>שעון שבת / טיימר</ManufactureItemDescription>
      <UnitQty>לא ידוע</UnitQty>
      <Quantity>1.00</Quantity>
      <UnitOfMeasure>יח'</UnitOfMeasure>
      <bIsWeighted>0</bIsWeighted>
      <QtyInPackage>לא ידוע</QtyInPackage>
      <ItemPrice>24.90</ItemPrice>
      <UnitOfMeasurePrice>24.90</UnitOfMeasurePrice>
      <AllowDiscount>1</AllowDiscount>
      <ItemStatus/>
    </Item>
    <Item>
      <PriceUpdateTime>2025-07-13T15:20:43.000</PriceUpdateTime>
      <ItemCode>7290118073741</ItemCode>
      <LastSaleDateTime>2026-01-29T19:22:04.000</LastSaleDateTime>
      <ItemType>1</ItemType>
      <ItemName>מגב איכותי 55 ס"מ</ItemName>
      <ManufactureName>לא ידוע</ManufactureName>
      <ManufactureCountry>לא ידוע</ManufactureCountry>
      <ManufactureItemDescription>מגב איכותי 55 ס"מ</ManufactureItemDescription>
      <UnitQty>לא ידוע</UnitQty>
      <Quantity>1.00</Quantity>
      <UnitOfMeasure>יח'</UnitOfMeasure>
      <bIsWeighted>0</bIsWeighted>
      <QtyInPackage>לא ידוע</QtyInPackage>
      <ItemPrice>14.90</ItemPrice>
      <UnitOfMeasurePrice>14.90</UnitOfMeasurePrice>
      <AllowDiscount>1</AllowDiscount>
      <ItemStatus/>
    </Item>
    <Item>
      <PriceUpdateTime>2025-07-13T15:20:43.000</PriceUpdateTime>
      <ItemCode>7290118073758</ItemCode>
      <LastSaleDateTime>2026-01-22T15:41:23.000</LastSaleDateTime>
      <ItemType>1</ItemType>
      <ItemName>רב שקע 5 יציאות עד 1</ItemName>
      <ManufactureName>לא ידוע</ManufactureName>
      <ManufactureCountry>לא ידוע</ManufactureCountry>
      <ManufactureItemDescription>רב שקע 5 יציאות עד 1</ManufactureItemDescription>
      <UnitQty>לא ידוע</UnitQty>
      <Quantity>1.00</Quantity>
      <UnitOfMeasure>יח'</UnitOfMeasure>
      <bIsWeighted>0</bIsWeighted>
      <QtyInPackage>לא ידוע</QtyInPackage>
      <ItemPrice>34.90</ItemPrice>
      <UnitOfMeasurePrice>34.90</UnitOfMeasurePrice>
      <AllowDiscount>1</AllowDiscount>
      <ItemStatus/>
    </Item>
    <Item>
      <PriceUpdateTime>2025-07-13T15:20:43.000</PriceUpdateTime>
      <ItemCode>7290118073819</ItemCode>
      <LastSaleDateTime>2026-01-22T21:57:58.000</LastSaleDateTime>
      <ItemType>1</ItemType>
      <ItemName>מברשת למנגל</ItemName>
      <ManufactureName>לא ידוע</ManufactureName>
      <ManufactureCountry>לא ידוע</ManufactureCountry>
      <ManufactureItemDescription>מברשת למנגל</ManufactureItemDescription>
      <UnitQty>לא ידוע</UnitQty>
      <Quantity>1.00</Quantity>
      <UnitOfMeasure>יח'</UnitOfMeasure>
      <bIsWeighted>0</bIsWeighted>
      <QtyInPackage>לא ידוע</QtyInPackage>
      <ItemPrice>9.90</ItemPrice>
      <UnitOfMeasurePrice>9.90</UnitOfMeasurePrice>
      <AllowDiscount>1</AllowDiscount>
      <ItemStatus/>
    </Item>
    <Item>
      <PriceUpdateTime>2025-07-13T15:20:43.000</PriceUpdateTime>
      <ItemCode>7290118073826</ItemCode>
      <LastSaleDateTime>2026-01-28T10:50:54.000</LastSaleDateTime>
      <ItemType>1</ItemType>
      <ItemName>מלחיה זכוכית</ItemName>
      <ManufactureName>לא ידוע</ManufactureName>
      <ManufactureCountry>לא ידוע</ManufactureCountry>
      <ManufactureItemDescription>מלחיה זכוכית</ManufactureItemDescription>
      <UnitQty>לא ידוע</UnitQty>
      <Quantity>1.00</Quantity>
      <UnitOfMeasure>יח'</UnitOfMeasure>
      <bIsWeighted>0</bIsWeighted>
      <QtyInPackage>לא ידוע</QtyInPackage>
      <ItemPrice>2.90</ItemPrice>
      <UnitOfMeasurePrice>2.90</UnitOfMeasurePrice>
      <AllowDiscount>1</AllowDiscount>
      <ItemStatus/>
    </Item>
    <Item>
      <PriceUpdateTime>2025-07-13T15:20:43.000</PriceUpdateTime>
      <ItemCode>7290118073901</ItemCode>
      <LastSaleDateTime>2026-01-28T11:37:04.000</LastSaleDateTime>
      <ItemType>1</ItemType>
      <ItemName>קרש חיתוך תמונה</ItemName>
      <ManufactureName>לא ידוע</ManufactureName>
      <ManufactureCountry>לא ידוע</ManufactureCountry>
      <ManufactureItemDescription>קרש חיתוך תמונה</ManufactureItemDescription>
      <UnitQty>לא ידוע</UnitQty>
      <Quantity>1.00</Quantity>
      <UnitOfMeasure>יח'</UnitOfMeasure>
      <bIsWeighted>0</bIsWeighted>
      <QtyInPackage>לא ידוע</QtyInPackage>
      <ItemPrice>19.90</ItemPrice>
      <UnitOfMeasurePrice>19.90</UnitOfMeasurePrice>
      <AllowDiscount>1</AllowDiscount>
      <ItemStatus/>
    </Item>
    <Item>
      <PriceUpdateTime>2025-07-13T15:20:43.000</PriceUpdateTime>
      <ItemCode>7290118073918</ItemCode>
      <LastSaleDateTime>2026-01-29T18:43:12.000</LastSaleDateTime>
      <ItemType>1</ItemType>
      <ItemName>קרש חיתוך פרימיום ענ</ItemName>
      <ManufactureName>לא ידוע</ManufactureName>
      <ManufactureCountry>לא ידוע</ManufactureCountry>
      <ManufactureItemDescription>קרש חיתוך פרימיום ענ</ManufactureItemDescription>
      <UnitQty>לא ידוע</UnitQty>
      <Quantity>1.00</Quantity>
      <UnitOfMeasure>יח'</UnitOfMeasure>
      <bIsWeighted>0</bIsWeighted>
      <QtyInPackage>לא ידוע</QtyInPackage>
      <ItemPrice>39.90</ItemPrice>
      <UnitOfMeasurePrice>39.90</UnitOfMeasurePrice>
      <AllowDiscount>1</AllowDiscount>
      <ItemStatus/>
    </Item>
    <Item>
      <PriceUpdateTime>2025-07-13T15:20:44.000</PriceUpdateTime>
      <ItemCode>7290118074007</ItemCode>
      <LastSaleDateTime>2026-01-22T10:02:01.000</LastSaleDateTime>
      <ItemType>1</ItemType>
      <ItemName>מפצל חשמל 1 ל SEMICO</ItemName>
      <ManufactureName>לא ידוע</ManufactureName>
      <ManufactureCountry>לא ידוע</ManufactureCountry>
      <ManufactureItemDescription>מפצל חשמל 1 ל SEMICO</ManufactureItemDescription>
      <UnitQty>לא ידוע</UnitQty>
      <Quantity>1.00</Quantity>
      <UnitOfMeasure>יח'</UnitOfMeasure>
      <bIsWeighted>0</bIsWeighted>
      <QtyInPackage>לא ידוע</QtyInPackage>
      <ItemPrice>7.90</ItemPrice>
      <UnitOfMeasurePrice>7.90</UnitOfMeasurePrice>
      <AllowDiscount>1</AllowDiscount>
      <ItemStatus/>
    </Item>
    <Item>
      <PriceUpdateTime>2025-07-13T15:20:44.000</PriceUpdateTime>
      <ItemCode>7290118074014</ItemCode>
      <LastSaleDateTime>2026-01-29T10:09:35.000</LastSaleDateTime>
      <ItemType>1</ItemType>
      <ItemName>מפצל חשמל 1 ל SEMICO</ItemName>
      <ManufactureName>לא ידוע</ManufactureName>
      <ManufactureCountry>לא ידוע</ManufactureCountry>
      <ManufactureItemDescription>מפצל חשמל 1 ל SEMICO</ManufactureItemDescription>
      <UnitQty>לא ידוע</UnitQty>
      <Quantity>1.00</Quantity>
      <UnitOfMeasure>יח'</UnitOfMeasure>
      <bIsWeighted>0</bIsWeighted>
      <QtyInPackage>לא ידוע</QtyInPackage>
      <ItemPrice>9.90</ItemPrice>
      <UnitOfMeasurePrice>9.90</UnitOfMeasurePrice>
      <AllowDiscount>1</AllowDiscount>
      <ItemStatus/>
    </Item>
    <Item>
      <PriceUpdateTime>2025-07-13T15:20:44.000</PriceUpdateTime>
      <ItemCode>7290118074281</ItemCode>
      <LastSaleDateTime>2026-01-28T14:26:43.000</LastSaleDateTime>
      <ItemType>1</ItemType>
      <ItemName>רשת צלייה M</ItemName>
      <ManufactureName>לא ידוע</ManufactureName>
      <ManufactureCountry>לא ידוע</ManufactureCountry>
      <ManufactureItemDescription>רשת צלייה M</ManufactureItemDescription>
      <UnitQty>לא ידוע</UnitQty>
      <Quantity>1.00</Quantity>
      <UnitOfMeasure>יח'</UnitOfMeasure>
      <bIsWeighted>0</bIsWeighted>
      <QtyInPackage>לא ידוע</QtyInPackage>
      <ItemPrice>14.90</ItemPrice>
      <UnitOfMeasurePrice>14.90</UnitOfMeasurePrice>
      <AllowDiscount>1</AllowDiscount>
      <ItemStatus/>
    </Item>
    <Item>
      <PriceUpdateTime>2025-07-13T15:20:51.000</PriceUpdateTime>
      <ItemCode>7290118665137</ItemCode>
      <LastSaleDateTime>2026-01-22T13:18:15.000</LastSaleDateTime>
      <ItemType>1</ItemType>
      <ItemName>מסחטת הדרים ידנית מע</ItemName>
      <ManufactureName>לא ידוע</ManufactureName>
      <ManufactureCountry>לא ידוע</ManufactureCountry>
      <ManufactureItemDescription>מסחטת הדרים ידנית מע</ManufactureItemDescription>
      <UnitQty>לא ידוע</UnitQty>
      <Quantity>1.00</Quantity>
      <UnitOfMeasure>יח'</UnitOfMeasure>
      <bIsWeighted>0</bIsWeighted>
      <QtyInPackage>לא ידוע</QtyInPackage>
      <ItemPrice>8.90</ItemPrice>
      <UnitOfMeasurePrice>8.90</UnitOfMeasurePrice>
      <AllowDiscount>1</AllowDiscount>
      <ItemStatus/>
    </Item>
    <Item>
      <PriceUpdateTime>2025-07-13T15:20:53.000</PriceUpdateTime>
      <ItemCode>7290120124875</ItemCode>
      <LastSaleDateTime>2026-01-29T11:52:09.000</LastSaleDateTime>
      <ItemType>1</ItemType>
      <ItemName>צלחת מלמין 10" דרדסי</ItemName>
      <ManufactureName>לא ידוע</ManufactureName>
      <ManufactureCountry>לא ידוע</ManufactureCountry>
      <ManufactureItemDescription>צלחת מלמין 10" דרדסי</ManufactureItemDescription>
      <UnitQty>לא ידוע</UnitQty>
      <Quantity>1.00</Quantity>
      <UnitOfMeasure>יח'</UnitOfMeasure>
      <bIsWeighted>0</bIsWeighted>
      <QtyInPackage>לא ידוע</QtyInPackage>
      <ItemPrice>8.90</ItemPrice>
      <UnitOfMeasurePrice>8.90</UnitOfMeasurePrice>
      <AllowDiscount>1</AllowDiscount>
      <ItemStatus/>
    </Item>
    <Item>
      <PriceUpdateTime>2025-07-13T15:20:55.000</PriceUpdateTime>
      <ItemCode>7296155151305</ItemCode>
      <LastSaleDateTime>2026-01-29T09:35:25.000</LastSaleDateTime>
      <ItemType>1</ItemType>
      <ItemName>נפת משי כשרה</ItemName>
      <ManufactureName>לא ידוע</ManufactureName>
      <ManufactureCountry>לא ידוע</ManufactureCountry>
      <ManufactureItemDescription>נפת משי כשרה</ManufactureItemDescription>
      <UnitQty>לא ידוע</UnitQty>
      <Quantity>1.00</Quantity>
      <UnitOfMeasure>יח'</UnitOfMeasure>
      <bIsWeighted>0</bIsWeighted>
      <QtyInPackage>לא ידוע</QtyInPackage>
      <ItemPrice>29.90</ItemPrice>
      <UnitOfMeasurePrice>29.90</UnitOfMeasurePrice>
      <AllowDiscount>1</AllowDiscount>
      <ItemStatus/>
    </Item>
    <Item>
      <PriceUpdateTime>2025-07-13T15:20:56.000</PriceUpdateTime>
      <ItemCode>7777121200116</ItemCode>
      <LastSaleDateTime>2026-01-22T22:05:07.000</LastSaleDateTime>
      <ItemType>1</ItemType>
      <ItemName>קערת פופ מלמין</ItemName>
      <ManufactureName>לא ידוע</ManufactureName>
      <ManufactureCountry>לא ידוע</ManufactureCountry>
      <ManufactureItemDescription>קערת פופ מלמין</ManufactureItemDescription>
      <UnitQty>לא ידוע</UnitQty>
      <Quantity>1.00</Quantity>
      <UnitOfMeasure>יח'</UnitOfMeasure>
      <bIsWeighted>0</bIsWeighted>
      <QtyInPackage>לא ידוע</QtyInPackage>
      <ItemPrice>9.90</ItemPrice>
      <UnitOfMeasurePrice>9.90</UnitOfMeasurePrice>
      <AllowDiscount>1</AllowDiscount>
      <ItemStatus/>
    </Item>
    <Item>
      <PriceUpdateTime>2025-07-13T15:20:57.000</PriceUpdateTime>
      <ItemCode>7777555502169</ItemCode>
      <LastSaleDateTime>2026-01-28T08:05:50.000</LastSaleDateTime>
      <ItemType>1</ItemType>
      <ItemName>קופסת אחסון מלבנית ב</ItemName>
      <ManufactureName>לא ידוע</ManufactureName>
      <ManufactureCountry>לא ידוע</ManufactureCountry>
      <ManufactureItemDescription>קופסת אחסון מלבנית ב</ManufactureItemDescription>
      <UnitQty>לא ידוע</UnitQty>
      <Quantity>1.00</Quantity>
      <UnitOfMeasure>יח'</UnitOfMeasure>
      <bIsWeighted>0</bIsWeighted>
      <QtyInPackage>לא ידוע</QtyInPackage>
      <ItemPrice>11.90</ItemPrice>
      <UnitOfMeasurePrice>11.90</UnitOfMeasurePrice>
      <AllowDiscount>1</AllowDiscount>
      <ItemStatus/>
    </Item>
    <Item>
      <PriceUpdateTime>2025-07-13T15:20:59.000</PriceUpdateTime>
      <ItemCode>7777555512236</ItemCode>
      <LastSaleDateTime>2026-01-29T20:27:41.000</LastSaleDateTime>
      <ItemType>1</ItemType>
      <ItemName>כוס בירה</ItemName>
      <ManufactureName>לא ידוע</ManufactureName>
      <ManufactureCountry>לא ידוע</ManufactureCountry>
      <ManufactureItemDescription>כוס בירה</ManufactureItemDescription>
      <UnitQty>לא ידוע</UnitQty>
      <Quantity>1.00</Quantity>
      <UnitOfMeasure>יח'</UnitOfMeasure>
      <bIsWeighted>0</bIsWeighted>
      <QtyInPackage>לא ידוע</QtyInPackage>
      <ItemPrice>7.90</ItemPrice>
      <UnitOfMeasurePrice>7.90</UnitOfMeasurePrice>
      <AllowDiscount>1</AllowDiscount>
      <ItemStatus/>
    </Item>
    <Item>
      <PriceUpdateTime>2025-07-13T15:21:00.000</PriceUpdateTime>
      <ItemCode>7777555515527</ItemCode>
      <LastSaleDateTime>2026-01-23T19:54:26.000</LastSaleDateTime>
      <ItemType>1</ItemType>
      <ItemName>משטח בד לייבוש כלים</ItemName>
      <ManufactureName>לא ידוע</ManufactureName>
      <ManufactureCountry>לא ידוע</ManufactureCountry>
      <ManufactureItemDescription>משטח בד לייבוש כלים</ManufactureItemDescription>
      <UnitQty>לא ידוע</UnitQty>
      <Quantity>1.00</Quantity>
      <UnitOfMeasure>יח'</UnitOfMeasure>
      <bIsWeighted>0</bIsWeighted>
      <QtyInPackage>לא ידוע</QtyInPackage>
      <ItemPrice>11.90</ItemPrice>
      <UnitOfMeasurePrice>11.90</UnitOfMeasurePrice>
      <AllowDiscount>1</AllowDiscount>
      <ItemStatus/>
    </Item>
    <Item>
      <PriceUpdateTime>2025-07-13T15:21:01.000</PriceUpdateTime>
      <ItemCode>7777886600732</ItemCode>
      <LastSaleDateTime>2026-01-29T14:08:48.000</LastSaleDateTime>
      <ItemType>1</ItemType>
      <ItemName>קליפסים ארוכים לשקיו</ItemName>
      <ManufactureName>לא ידוע</ManufactureName>
      <ManufactureCountry>לא ידוע</ManufactureCountry>
      <ManufactureItemDescription>קליפסים ארוכים לשקיו</ManufactureItemDescription>
      <UnitQty>לא ידוע</UnitQty>
      <Quantity>1.00</Quantity>
      <UnitOfMeasure>יח'</UnitOfMeasure>
      <bIsWeighted>0</bIsWeighted>
      <QtyInPackage>לא ידוע</QtyInPackage>
      <ItemPrice>6.90</ItemPrice>
      <UnitOfMeasurePrice>6.90</UnitOfMeasurePrice>
      <AllowDiscount>1</AllowDiscount>
      <ItemStatus/>
    </Item>
    <Item>
      <PriceUpdateTime>2025-07-13T15:21:02.000</PriceUpdateTime>
      <ItemCode>7777886602323</ItemCode>
      <LastSaleDateTime>2026-01-29T19:22:04.000</LastSaleDateTime>
      <ItemType>1</ItemType>
      <ItemName>מטאטא איכותי ארגנטה</ItemName>
      <ManufactureName>לא ידוע</ManufactureName>
      <ManufactureCountry>לא ידוע</ManufactureCountry>
      <ManufactureItemDescription>מטאטא איכותי ארגנטה</ManufactureItemDescription>
      <UnitQty>לא ידוע</UnitQty>
      <Quantity>1.00</Quantity>
      <UnitOfMeasure>יח'</UnitOfMeasure>
      <bIsWeighted>0</bIsWeighted>
      <QtyInPackage>לא ידוע</QtyInPackage>
      <ItemPrice>19.90</ItemPrice>
      <UnitOfMeasurePrice>19.90</UnitOfMeasurePrice>
      <AllowDiscount>1</AllowDiscount>
      <ItemStatus/>
    </Item>
    <Item>
      <PriceUpdateTime>2025-07-13T15:21:02.000</PriceUpdateTime>
      <ItemCode>7777886602361</ItemCode>
      <LastSaleDateTime>2026-01-28T19:23:49.000</LastSaleDateTime>
      <ItemType>1</ItemType>
      <ItemName>יעה+ מברשת</ItemName>
      <ManufactureName>לא ידוע</ManufactureName>
      <ManufactureCountry>לא ידוע</ManufactureCountry>
      <ManufactureItemDescription>יעה+ מברשת</ManufactureItemDescription>
      <UnitQty>לא ידוע</UnitQty>
      <Quantity>1.00</Quantity>
      <UnitOfMeasure>יח'</UnitOfMeasure>
      <bIsWeighted>0</bIsWeighted>
      <QtyInPackage>לא ידוע</QtyInPackage>
      <ItemPrice>14.90</ItemPrice>
      <UnitOfMeasurePrice>14.90</UnitOfMeasurePrice>
      <AllowDiscount>1</AllowDiscount>
      <ItemStatus/>
    </Item>
    <Item>
      <PriceUpdateTime>2025-07-13T15:21:09.000</PriceUpdateTime>
      <ItemCode>7290118662143</ItemCode>
      <LastSaleDateTime>2026-01-28T09:19:50.000</LastSaleDateTime>
      <ItemType>1</ItemType>
      <ItemName>דיספנסר לסבון כלים ו</ItemName>
      <ManufactureName>לא ידוע</ManufactureName>
      <ManufactureCountry>לא ידוע</ManufactureCountry>
      <ManufactureItemDescription>דיספנסר לסבון כלים ו</ManufactureItemDescription>
      <UnitQty>לא ידוע</UnitQty>
      <Quantity>1.00</Quantity>
      <UnitOfMeasure>יח'</UnitOfMeasure>
      <bIsWeighted>0</bIsWeighted>
      <QtyInPackage>לא ידוע</QtyInPackage>
      <ItemPrice>14.90</ItemPrice>
      <UnitOfMeasurePrice>14.90</UnitOfMeasurePrice>
      <AllowDiscount>1</AllowDiscount>
      <ItemStatus/>
    </Item>
    <Item>
      <PriceUpdateTime>2025-07-14T07:47:19.000</PriceUpdateTime>
      <ItemCode>7777886700296</ItemCode>
      <LastSaleDateTime>2026-01-29T17:12:25.000</LastSaleDateTime>
      <ItemType>1</ItemType>
      <ItemName>סט קערות קש פסטל</ItemName>
      <ManufactureName>לא ידוע</ManufactureName>
      <ManufactureCountry>לא ידוע</ManufactureCountry>
      <ManufactureItemDescription>סט קערות קש פסטל</ManufactureItemDescription>
      <UnitQty>לא ידוע</UnitQty>
      <Quantity>1.00</Quantity>
      <UnitOfMeasure>יח'</UnitOfMeasure>
      <bIsWeighted>0</bIsWeighted>
      <QtyInPackage>לא ידוע</QtyInPackage>
      <ItemPrice>9.90</ItemPrice>
      <UnitOfMeasurePrice>9.90</UnitOfMeasurePrice>
      <AllowDiscount>1</AllowDiscount>
      <ItemStatus/>
    </Item>
    <Item>
      <PriceUpdateTime>2025-07-14T13:26:35.000</PriceUpdateTime>
      <ItemCode>7290000170077</ItemCode>
      <LastSaleDateTime>2026-01-29T20:31:33.000</LastSaleDateTime>
      <ItemType>1</ItemType>
      <ItemName>שוקולד פרה מריר מעול</ItemName>
      <ManufactureName>עלית</ManufactureName>
      <ManufactureCountry>לא ידוע</ManufactureCountry>
      <ManufactureItemDescription>שוקולד פרה מריר מעול</ManufactureItemDescription>
      <UnitQty>גרם</UnitQty>
      <Quantity>100.00</Quantity>
      <UnitOfMeasure>100 גרם</UnitOfMeasure>
      <bIsWeighted>0</bIsWeighted>
      <QtyInPackage>לא ידוע</QtyInPackage>
      <ItemPrice>8.50</ItemPrice>
      <UnitOfMeasurePrice>8.50</UnitOfMeasurePrice>
      <AllowDiscount>1</AllowDiscount>
      <ItemStatus/>
    </Item>
    <Item>
      <PriceUpdateTime>2025-07-14T13:26:36.000</PriceUpdateTime>
      <ItemCode>7290106722415</ItemCode>
      <LastSaleDateTime>2026-01-29T21:31:19.000</LastSaleDateTime>
      <ItemType>1</ItemType>
      <ItemName>פרה לבן במילוי בטעם</ItemName>
      <ManufactureName>עלית</ManufactureName>
      <ManufactureCountry>לא ידוע</ManufactureCountry>
      <ManufactureItemDescription>פרה לבן במילוי בטעם</ManufactureItemDescription>
      <UnitQty>גרם</UnitQty>
      <Quantity>100.00</Quantity>
      <UnitOfMeasure>100 גרם</UnitOfMeasure>
      <bIsWeighted>0</bIsWeighted>
      <QtyInPackage>לא ידוע</QtyInPackage>
      <ItemPrice>8.50</ItemPrice>
      <UnitOfMeasurePrice>8.50</UnitOfMeasurePrice>
      <AllowDiscount>1</AllowDiscount>
      <ItemStatus/>
    </Item>
    <Item>
      <PriceUpdateTime>2025-07-14T13:26:41.000</PriceUpdateTime>
      <ItemCode>7290106525375</ItemCode>
      <LastSaleDateTime>2026-01-29T19:15:11.000</LastSaleDateTime>
      <ItemType>1</ItemType>
      <ItemName>קפה מארז טורקי שלישי</ItemName>
      <ManufactureName>עלית</ManufactureName>
      <ManufactureCountry>לא ידוע</ManufactureCountry>
      <ManufactureItemDescription>קפה מארז טורקי שלישי</ManufactureItemDescription>
      <UnitQty>גרם</UnitQty>
      <Quantity>375.00</Quantity>
      <UnitOfMeasure>100 גרם</UnitOfMeasure>
      <bIsWeighted>0</bIsWeighted>
      <QtyInPackage>לא ידוע</QtyInPackage>
      <ItemPrice>31.90</ItemPrice>
      <UnitOfMeasurePrice>8.51</UnitOfMeasurePrice>
      <AllowDiscount>1</AllowDiscount>
      <ItemStatus/>
    </Item>
    <Item>
      <PriceUpdateTime>2025-07-15T13:48:55.000</PriceUpdateTime>
      <ItemCode>7298171245747</ItemCode>
      <LastSaleDateTime>2026-01-29T16:21:44.000</LastSaleDateTime>
      <ItemType>1</ItemType>
      <ItemName>צלחת מלמין 10' סטיטץ</ItemName>
      <ManufactureName>לא ידוע</ManufactureName>
      <ManufactureCountry>לא ידוע</ManufactureCountry>
      <ManufactureItemDescription>צלחת מלמין 10' סטיטץ</ManufactureItemDescription>
      <UnitQty>לא ידוע</UnitQty>
      <Quantity>1.00</Quantity>
      <UnitOfMeasure>יח'</UnitOfMeasure>
      <bIsWeighted>0</bIsWeighted>
      <QtyInPackage>לא ידוע</QtyInPackage>
      <ItemPrice>8.90</ItemPrice>
      <UnitOfMeasurePrice>8.90</UnitOfMeasurePrice>
      <AllowDiscount>1</AllowDiscount>
      <ItemStatus/>
    </Item>
    <Item>
      <PriceUpdateTime>2025-07-15T15:27:27.000</PriceUpdateTime>
      <ItemCode>7290019964018</ItemCode>
      <LastSaleDateTime>2026-01-28T19:23:49.000</LastSaleDateTime>
      <ItemType>1</ItemType>
      <ItemName>קפסולות ארומה נטול ק</ItemName>
      <ManufactureName>לא ידוע</ManufactureName>
      <ManufactureCountry>לא ידוע</ManufactureCountry>
      <ManufactureItemDescription>קפסולות ארומה נטול ק</ManufactureItemDescription>
      <UnitQty>גרם</UnitQty>
      <Quantity>56.00</Quantity>
      <UnitOfMeasure>100 גרם</UnitOfMeasure>
      <bIsWeighted>0</bIsWeighted>
      <QtyInPackage>לא ידוע</QtyInPackage>
      <ItemPrice>21.90</ItemPrice>
      <UnitOfMeasurePrice>39.11</UnitOfMeasurePrice>
      <AllowDiscount>1</AllowDiscount>
      <ItemStatus/>
    </Item>
    <Item>
      <PriceUpdateTime>2025-07-16T11:43:19.000</PriceUpdateTime>
      <ItemCode>7290020398031</ItemCode>
      <LastSaleDateTime>2026-01-29T09:23:24.000</LastSaleDateTime>
      <ItemType>1</ItemType>
      <ItemName>נודלס בטעם ירקות תוס</ItemName>
      <ManufactureName>לא ידוע</ManufactureName>
      <ManufactureCountry>לא ידוע</ManufactureCountry>
      <ManufactureItemDescription>נודלס בטעם ירקות תוס</ManufactureItemDescription>
      <UnitQty>גרם</UnitQty>
      <Quantity>120.00</Quantity>
      <UnitOfMeasure>100 גרם</UnitOfMeasure>
      <bIsWeighted>0</bIsWeighted>
      <QtyInPackage>לא ידוע</QtyInPackage>
      <ItemPrice>11.90</ItemPrice>
      <UnitOfMeasurePrice>9.92</UnitOfMeasurePrice>
      <AllowDiscount>1</AllowDiscount>
      <ItemStatus/>
    </Item>
    <Item>
      <PriceUpdateTime>2025-07-16T11:43:40.000</PriceUpdateTime>
      <ItemCode>7290119383276</ItemCode>
      <LastSaleDateTime>2026-01-22T15:03:08.000</LastSaleDateTime>
      <ItemType>1</ItemType>
      <ItemName>שוקולית MIX מנות איש</ItemName>
      <ManufactureName>לא ידוע</ManufactureName>
      <ManufactureCountry>לא ידוע</ManufactureCountry>
      <ManufactureItemDescription>שוקולית MIX מנות איש</ManufactureItemDescription>
      <UnitQty>גרם</UnitQty>
      <Quantity>216.00</Quantity>
      <UnitOfMeasure>100 גרם</UnitOfMeasure>
      <bIsWeighted>0</bIsWeighted>
      <QtyInPackage>לא ידוע</QtyInPackage>
      <ItemPrice>16.40</ItemPrice>
      <UnitOfMeasurePrice>7.59</UnitOfMeasurePrice>
      <AllowDiscount>1</AllowDiscount>
      <ItemStatus/>
    </Item>
    <Item>
      <PriceUpdateTime>2025-07-16T15:29:24.000</PriceUpdateTime>
      <ItemCode>7290000521008</ItemCode>
      <LastSaleDateTime>2026-01-28T10:54:01.000</LastSaleDateTime>
      <ItemType>1</ItemType>
      <ItemName>סגל אדום יבש 750 מ"ל</ItemName>
      <ManufactureName>טמפו</ManufactureName>
      <ManufactureCountry>ישראל</ManufactureCountry>
      <ManufactureItemDescription>סגל אדום יבש 750 מ"ל 2013</ManufactureItemDescription>
      <UnitQty>לא ידוע</UnitQty>
      <Quantity>750.00</Quantity>
      <UnitOfMeasure>100 מ"ל</UnitOfMeasure>
      <bIsWeighted>0</bIsWeighted>
      <QtyInPackage>לא ידוע</QtyInPackage>
      <ItemPrice>21.50</ItemPrice>
      <UnitOfMeasurePrice>0.03</UnitOfMeasurePrice>
      <AllowDiscount>1</AllowDiscount>
      <ItemStatus/>
    </Item>
    <Item>
      <PriceUpdateTime>2025-07-17T08:10:07.000</PriceUpdateTime>
      <ItemCode>7290000023809</ItemCode>
      <LastSaleDateTime>2026-01-29T18:24:04.000</LastSaleDateTime>
      <ItemType>1</ItemType>
      <ItemName>קלאסיק קברנה סוביניו</ItemName>
      <ManufactureName>טמפו</ManufactureName>
      <ManufactureCountry>ישראל</ManufactureCountry>
      <ManufactureItemDescription>קלאסיק קברנה סוביניון</ManufactureItemDescription>
      <UnitQty>לא ידוע</UnitQty>
      <Quantity>750.00</Quantity>
      <UnitOfMeasure>100 מ"ל</UnitOfMeasure>
      <bIsWeighted>0</bIsWeighted>
      <QtyInPackage>לא ידוע</QtyInPackage>
      <ItemPrice>32.80</ItemPrice>
      <UnitOfMeasurePrice>0.04</UnitOfMeasurePrice>
      <AllowDiscount>1</AllowDiscount>
      <ItemStatus/>
    </Item>
    <Item>
      <PriceUpdateTime>2025-07-17T08:10:07.000</PriceUpdateTime>
      <ItemCode>7290000023816</ItemCode>
      <LastSaleDateTime>2025-09-03T00:00:00.000</LastSaleDateTime>
      <ItemType>1</ItemType>
      <ItemName>קלאסיק אמרלד ריזלינג</ItemName>
      <ManufactureName>טמפו</ManufactureName>
      <ManufactureCountry>ישראל</ManufactureCountry>
      <ManufactureItemDescription>קלאסיק אמרלד ריזלינג</ManufactureItemDescription>
      <UnitQty>לא ידוע</UnitQty>
      <Quantity>750.00</Quantity>
      <UnitOfMeasure>100 מ"ל</UnitOfMeasure>
      <bIsWeighted>0</bIsWeighted>
      <QtyInPackage>לא ידוע</QtyInPackage>
      <ItemPrice>32.80</ItemPrice>
      <UnitOfMeasurePrice>0.04</UnitOfMeasurePrice>
      <AllowDiscount>1</AllowDiscount>
      <ItemStatus>2</ItemStatus>
    </Item>
    <Item>
      <PriceUpdateTime>2025-07-17T08:10:07.000</PriceUpdateTime>
      <ItemCode>7290000023816</ItemCode>
      <LastSaleDateTime>2025-09-03T00:00:00.000</LastSaleDateTime>
      <ItemType>1</ItemType>
      <ItemName>קלאסיק אמרלד ריזלינג</ItemName>
      <ManufactureName>טמפו</ManufactureName>
      <ManufactureCountry>ישראל</ManufactureCountry>
      <ManufactureItemDescription>קלאסיק אמרלד ריזלינג</ManufactureItemDescription>
      <UnitQty>לא ידוע</UnitQty>
      <Quantity>750.00</Quantity>
      <UnitOfMeasure>100 מ"ל</UnitOfMeasure>
      <bIsWeighted>0</bIsWeighted>
      <QtyInPackage>לא ידוע</QtyInPackage>
      <ItemPrice>32.80</ItemPrice>
      <UnitOfMeasurePrice>0.04</UnitOfMeasurePrice>
      <AllowDiscount>1</AllowDiscount>
      <ItemStatus/>
    </Item>
    <Item>
      <PriceUpdateTime>2025-07-17T08:10:07.000</PriceUpdateTime>
      <ItemCode>7290000023823</ItemCode>
      <LastSaleDateTime>2015-01-01T00:00:00.000</LastSaleDateTime>
      <ItemType>1</ItemType>
      <ItemName>קלאסיק סוביניון בלאן</ItemName>
      <ManufactureName>טמפו</ManufactureName>
      <ManufactureCountry>ישראל</ManufactureCountry>
      <ManufactureItemDescription>קלאסיק סוביניון בלאן</ManufactureItemDescription>
      <UnitQty>לא ידוע</UnitQty>
      <Quantity>750.00</Quantity>
      <UnitOfMeasure>100 מ"ל</UnitOfMeasure>
      <bIsWeighted>0</bIsWeighted>
      <QtyInPackage>לא ידוע</QtyInPackage>
      <ItemPrice>32.80</ItemPrice>
      <UnitOfMeasurePrice>0.04</UnitOfMeasurePrice>
      <AllowDiscount>1</AllowDiscount>
      <ItemStatus>2</ItemStatus>
    </Item>
    <Item>
      <PriceUpdateTime>2025-07-17T08:10:07.000</PriceUpdateTime>
      <ItemCode>7290000023823</ItemCode>
      <LastSaleDateTime>2015-01-01T00:00:00.000</LastSaleDateTime>
      <ItemType>1</ItemType>
      <ItemName>קלאסיק סוביניון בלאן</ItemName>
      <ManufactureName>טמפו</ManufactureName>
      <ManufactureCountry>ישראל</ManufactureCountry>
      <ManufactureItemDescription>קלאסיק סוביניון בלאן</ManufactureItemDescription>
      <UnitQty>לא ידוע</UnitQty>
      <Quantity>750.00</Quantity>
      <UnitOfMeasure>100 מ"ל</UnitOfMeasure>
      <bIsWeighted>0</bIsWeighted>
      <QtyInPackage>לא ידוע</QtyInPackage>
      <ItemPrice>32.80</ItemPrice>
      <UnitOfMeasurePrice>0.04</UnitOfMeasurePrice>
      <AllowDiscount>1</AllowDiscount>
      <ItemStatus/>
    </Item>
    <Item>
      <PriceUpdateTime>2025-07-17T08:10:07.000</PriceUpdateTime>
      <ItemCode>7290000023830</ItemCode>
      <LastSaleDateTime>2025-10-30T00:00:00.000</LastSaleDateTime>
      <ItemType>1</ItemType>
      <ItemName>קלאסיק רוזה</ItemName>
      <ManufactureName>טמפו</ManufactureName>
      <ManufactureCountry>ישראל</ManufactureCountry>
      <ManufactureItemDescription>קלאסיק רוזה</ManufactureItemDescription>
      <UnitQty>לא ידוע</UnitQty>
      <Quantity>750.00</Quantity>
      <UnitOfMeasure>100 מ"ל</UnitOfMeasure>
      <bIsWeighted>0</bIsWeighted>
      <QtyInPackage>לא ידוע</QtyInPackage>
      <ItemPrice>32.80</ItemPrice>
      <UnitOfMeasurePrice>0.04</UnitOfMeasurePrice>
      <AllowDiscount>1</AllowDiscount>
      <ItemStatus>2</ItemStatus>
    </Item>
    <Item>
      <PriceUpdateTime>2025-07-17T08:10:07.000</PriceUpdateTime>
      <ItemCode>7290000023830</ItemCode>
      <LastSaleDateTime>2025-10-30T00:00:00.000</LastSaleDateTime>
      <ItemType>1</ItemType>
      <ItemName>קלאסיק רוזה</ItemName>
      <ManufactureName>טמפו</ManufactureName>
      <ManufactureCountry>ישראל</ManufactureCountry>
      <ManufactureItemDescription>קלאסיק רוזה</ManufactureItemDescription>
      <UnitQty>לא ידוע</UnitQty>
      <Quantity>750.00</Quantity>
      <UnitOfMeasure>100 מ"ל</UnitOfMeasure>
      <bIsWeighted>0</bIsWeighted>
      <QtyInPackage>לא ידוע</QtyInPackage>
      <ItemPrice>32.80</ItemPrice>
      <UnitOfMeasurePrice>0.04</UnitOfMeasurePrice>
      <AllowDiscount>1</AllowDiscount>
      <ItemStatus/>
    </Item>
    <Item>
      <PriceUpdateTime>2025-07-17T08:10:07.000</PriceUpdateTime>
      <ItemCode>7290000023847</ItemCode>
      <LastSaleDateTime>2015-01-01T00:00:00.000</LastSaleDateTime>
      <ItemType>1</ItemType>
      <ItemName>קלאסיק שרדונה</ItemName>
      <ManufactureName>טמפו</ManufactureName>
      <ManufactureCountry>ישראל</ManufactureCountry>
      <ManufactureItemDescription>קלאסיק שרדונה</ManufactureItemDescription>
      <UnitQty>לא ידוע</UnitQty>
      <Quantity>750.00</Quantity>
      <UnitOfMeasure>100 מ"ל</UnitOfMeasure>
      <bIsWeighted>0</bIsWeighted>
      <QtyInPackage>לא ידוע</QtyInPackage>
      <ItemPrice>32.80</ItemPrice>
      <UnitOfMeasurePrice>0.04</UnitOfMeasurePrice>
      <AllowDiscount>1</AllowDiscount>
      <ItemStatus>2</ItemStatus>
    </Item>
    <Item>
      <PriceUpdateTime>2025-07-17T08:10:07.000</PriceUpdateTime>
      <ItemCode>7290000023847</ItemCode>
      <LastSaleDateTime>2015-01-01T00:00:00.000</LastSaleDateTime>
      <ItemType>1</ItemType>
      <ItemName>קלאסיק שרדונה</ItemName>
      <ManufactureName>טמפו</ManufactureName>
      <ManufactureCountry>ישראל</ManufactureCountry>
      <ManufactureItemDescription>קלאסיק שרדונה</ManufactureItemDescription>
      <UnitQty>לא ידוע</UnitQty>
      <Quantity>750.00</Quantity>
      <UnitOfMeasure>100 מ"ל</UnitOfMeasure>
      <bIsWeighted>0</bIsWeighted>
      <QtyInPackage>לא ידוע</QtyInPackage>
      <ItemPrice>32.80</ItemPrice>
      <UnitOfMeasurePrice>0.04</UnitOfMeasurePrice>
      <AllowDiscount>1</AllowDiscount>
      <ItemStatus/>
    </Item>
    <Item>
      <PriceUpdateTime>2025-07-17T08:10:07.000</PriceUpdateTime>
      <ItemCode>7290000023977</ItemCode>
      <LastSaleDateTime>2026-01-23T10:12:17.000</LastSaleDateTime>
      <ItemType>1</ItemType>
      <ItemName>קלאסיק מרלו</ItemName>
      <ManufactureName>טמפו</ManufactureName>
      <ManufactureCountry>ישראל</ManufactureCountry>
      <ManufactureItemDescription>קלאסיק מרלו</ManufactureItemDescription>
      <UnitQty>לא ידוע</UnitQty>
      <Quantity>750.00</Quantity>
      <UnitOfMeasure>100 מ"ל</UnitOfMeasure>
      <bIsWeighted>0</bIsWeighted>
      <QtyInPackage>לא ידוע</QtyInPackage>
      <ItemPrice>32.80</ItemPrice>
      <UnitOfMeasurePrice>0.04</UnitOfMeasurePrice>
      <AllowDiscount>1</AllowDiscount>
      <ItemStatus/>
    </Item>
    <Item>
      <PriceUpdateTime>2025-07-17T08:10:07.000</PriceUpdateTime>
      <ItemCode>7290017589565</ItemCode>
      <LastSaleDateTime>2025-09-10T00:00:00.000</LastSaleDateTime>
      <ItemType>1</ItemType>
      <ItemName>יין קלאסיק גוורץ 750</ItemName>
      <ManufactureName>לא ידוע</ManufactureName>
      <ManufactureCountry>לא ידוע</ManufactureCountry>
      <ManufactureItemDescription>יין קלאסיק גוורץ 750</ManufactureItemDescription>
      <UnitQty>לא ידוע</UnitQty>
      <Quantity>1.00</Quantity>
      <UnitOfMeasure>יח'</UnitOfMeasure>
      <bIsWeighted>0</bIsWeighted>
      <QtyInPackage>לא ידוע</QtyInPackage>
      <ItemPrice>32.80</ItemPrice>
      <UnitOfMeasurePrice>32.80</UnitOfMeasurePrice>
      <AllowDiscount>1</AllowDiscount>
      <ItemStatus>2</ItemStatus>
    </Item>
    <Item>
      <PriceUpdateTime>2025-07-17T08:10:07.000</PriceUpdateTime>
      <ItemCode>7290017589565</ItemCode>
      <LastSaleDateTime>2025-09-10T00:00:00.000</LastSaleDateTime>
      <ItemType>1</ItemType>
      <ItemName>יין קלאסיק גוורץ 750</ItemName>
      <ManufactureName>לא ידוע</ManufactureName>
      <ManufactureCountry>לא ידוע</ManufactureCountry>
      <ManufactureItemDescription>יין קלאסיק גוורץ 750</ManufactureItemDescription>
      <UnitQty>לא ידוע</UnitQty>
      <Quantity>1.00</Quantity>
      <UnitOfMeasure>יח'</UnitOfMeasure>
      <bIsWeighted>0</bIsWeighted>
      <QtyInPackage>לא ידוע</QtyInPackage>
      <ItemPrice>32.80</ItemPrice>
      <UnitOfMeasurePrice>32.80</UnitOfMeasurePrice>
      <AllowDiscount>1</AllowDiscount>
      <ItemStatus/>
    </Item>
    <Item>
      <PriceUpdateTime>2025-07-17T08:10:07.000</PriceUpdateTime>
      <ItemCode>7290017589633</ItemCode>
      <LastSaleDateTime>2026-01-23T09:15:53.000</LastSaleDateTime>
      <ItemType>1</ItemType>
      <ItemName>רזרב גולד קברנה סובי</ItemName>
      <ManufactureName>לא ידוע</ManufactureName>
      <ManufactureCountry>לא ידוע</ManufactureCountry>
      <ManufactureItemDescription>רזרב גולד קברנה סובי</ManufactureItemDescription>
      <UnitQty>לא ידוע</UnitQty>
      <Quantity>750.00</Quantity>
      <UnitOfMeasure>100 מ"ל</UnitOfMeasure>
      <bIsWeighted>0</bIsWeighted>
      <QtyInPackage>לא ידוע</QtyInPackage>
      <ItemPrice>49.80</ItemPrice>
      <UnitOfMeasurePrice>0.07</UnitOfMeasurePrice>
      <AllowDiscount>1</AllowDiscount>
      <ItemStatus/>
    </Item>
    <Item>
      <PriceUpdateTime>2025-07-17T08:10:07.000</PriceUpdateTime>
      <ItemCode>7290018165010</ItemCode>
      <LastSaleDateTime>2026-01-28T21:38:18.000</LastSaleDateTime>
      <ItemType>1</ItemType>
      <ItemName>רזרב גולד גוורצטרמינ</ItemName>
      <ManufactureName>לא ידוע</ManufactureName>
      <ManufactureCountry>לא ידוע</ManufactureCountry>
      <ManufactureItemDescription>רזרב גולד גוורצטרמינ</ManufactureItemDescription>
      <UnitQty>לא ידוע</UnitQty>
      <Quantity>750.00</Quantity>
      <UnitOfMeasure>100 מ"ל</UnitOfMeasure>
      <bIsWeighted>0</bIsWeighted>
      <QtyInPackage>לא ידוע</QtyInPackage>
      <ItemPrice>49.80</ItemPrice>
      <UnitOfMeasurePrice>0.07</UnitOfMeasurePrice>
      <AllowDiscount>1</AllowDiscount>
      <ItemStatus/>
    </Item>
    <Item>
      <PriceUpdateTime>2025-07-17T08:10:07.000</PriceUpdateTime>
      <ItemCode>7290018165027</ItemCode>
      <LastSaleDateTime>2025-12-05T00:00:00.000</LastSaleDateTime>
      <ItemType>1</ItemType>
      <ItemName>רזרב גולד רוזה 750 מ</ItemName>
      <ManufactureName>לא ידוע</ManufactureName>
      <ManufactureCountry>לא ידוע</ManufactureCountry>
      <ManufactureItemDescription>רזרב גולד רוזה 750 מ</ManufactureItemDescription>
      <UnitQty>לא ידוע</UnitQty>
      <Quantity>750.00</Quantity>
      <UnitOfMeasure>100 מ"ל</UnitOfMeasure>
      <bIsWeighted>0</bIsWeighted>
      <QtyInPackage>לא ידוע</QtyInPackage>
      <ItemPrice>49.80</ItemPrice>
      <UnitOfMeasurePrice>0.07</UnitOfMeasurePrice>
      <AllowDiscount>1</AllowDiscount>
      <ItemStatus/>
    </Item>
    <Item>
      <PriceUpdateTime>2025-07-17T08:10:07.000</PriceUpdateTime>
      <ItemCode>7290018165447</ItemCode>
      <LastSaleDateTime>2026-01-29T18:44:18.000</LastSaleDateTime>
      <ItemType>1</ItemType>
      <ItemName>רזרב גולד מרלו 750 מ</ItemName>
      <ManufactureName>לא ידוע</ManufactureName>
      <ManufactureCountry>לא ידוע</ManufactureCountry>
      <ManufactureItemDescription>רזרב גולד מרלו 750 מ</ManufactureItemDescription>
      <UnitQty>לא ידוע</UnitQty>
      <Quantity>750.00</Quantity>
      <UnitOfMeasure>100 מ"ל</UnitOfMeasure>
      <bIsWeighted>0</bIsWeighted>
      <QtyInPackage>לא ידוע</QtyInPackage>
      <ItemPrice>49.80</ItemPrice>
      <UnitOfMeasurePrice>0.07</UnitOfMeasurePrice>
      <AllowDiscount>1</AllowDiscount>
      <ItemStatus/>
    </Item>
    <Item>
      <PriceUpdateTime>2025-07-17T08:10:07.000</PriceUpdateTime>
      <ItemCode>7290019220596</ItemCode>
      <LastSaleDateTime>2026-01-14T13:50:45.000</LastSaleDateTime>
      <ItemType>1</ItemType>
      <ItemName>ברקן מוסקטו 2023 750</ItemName>
      <ManufactureName>לא ידוע</ManufactureName>
      <ManufactureCountry>לא ידוע</ManufactureCountry>
      <ManufactureItemDescription>ברקן מוסקטו 2023 750</ManufactureItemDescription>
      <UnitQty>לא ידוע</UnitQty>
      <Quantity>750.00</Quantity>
      <UnitOfMeasure>100 מ"ל</UnitOfMeasure>
      <bIsWeighted>0</bIsWeighted>
      <QtyInPackage>לא ידוע</QtyInPackage>
      <ItemPrice>49.80</ItemPrice>
      <UnitOfMeasurePrice>0.07</UnitOfMeasurePrice>
      <AllowDiscount>1</AllowDiscount>
      <ItemStatus/>
    </Item>
    <Item>
      <PriceUpdateTime>2025-07-17T08:10:07.000</PriceUpdateTime>
      <ItemCode>7290019220725</ItemCode>
      <LastSaleDateTime>2026-01-28T21:38:18.000</LastSaleDateTime>
      <ItemType>1</ItemType>
      <ItemName>יין גולד שרדונה 750</ItemName>
      <ManufactureName>לא ידוע</ManufactureName>
      <ManufactureCountry>לא ידוע</ManufactureCountry>
      <ManufactureItemDescription>יין גולד שרדונה 750</ManufactureItemDescription>
      <UnitQty>מטרים</UnitQty>
      <Quantity>750.00</Quantity>
      <UnitOfMeasure>100 מ'ל</UnitOfMeasure>
      <bIsWeighted>0</bIsWeighted>
      <QtyInPackage>לא ידוע</QtyInPackage>
      <ItemPrice>49.80</ItemPrice>
      <UnitOfMeasurePrice>0.07</UnitOfMeasurePrice>
      <AllowDiscount>1</AllowDiscount>
      <ItemStatus/>
    </Item>
    <Item>
      <PriceUpdateTime>2025-07-17T10:24:11.000</PriceUpdateTime>
      <ItemCode>8700216891134</ItemCode>
      <LastSaleDateTime>2026-01-29T15:14:41.000</LastSaleDateTime>
      <ItemType>1</ItemType>
      <ItemName>חיתולי פמפרס פרימיום</ItemName>
      <ManufactureName>לא ידוע</ManufactureName>
      <ManufactureCountry>לא ידוע</ManufactureCountry>
      <ManufactureItemDescription>חיתולי פמפרס פרימיום</ManufactureItemDescription>
      <UnitQty>לא ידוע</UnitQty>
      <Quantity>1.00</Quantity>
      <UnitOfMeasure>יח'</UnitOfMeasure>
      <bIsWeighted>0</bIsWeighted>
      <QtyInPackage>לא ידוע</QtyInPackage>
      <ItemPrice>34.50</ItemPrice>
      <UnitOfMeasurePrice>34.50</UnitOfMeasurePrice>
      <AllowDiscount>1</AllowDiscount>
      <ItemStatus/>
    </Item>
    <Item>
      <PriceUpdateTime>2025-07-17T13:58:47.000</PriceUpdateTime>
      <ItemCode>7290000060071</ItemCode>
      <LastSaleDateTime>2026-01-29T14:01:33.000</LastSaleDateTime>
      <ItemType>1</ItemType>
      <ItemName>חטיפי פריכונים בטעם</ItemName>
      <ManufactureName>אסם</ManufactureName>
      <ManufactureCountry>לא ידוע</ManufactureCountry>
      <ManufactureItemDescription>חטיפי פריכונים בטעם</ManufactureItemDescription>
      <UnitQty>לא ידוע</UnitQty>
      <Quantity>1.00</Quantity>
      <UnitOfMeasure>יח'</UnitOfMeasure>
      <bIsWeighted>0</bIsWeighted>
      <QtyInPackage>לא ידוע</QtyInPackage>
      <ItemPrice>8.90</ItemPrice>
      <UnitOfMeasurePrice>8.90</UnitOfMeasurePrice>
      <AllowDiscount>1</AllowDiscount>
      <ItemStatus/>
    </Item>
    <Item>
      <PriceUpdateTime>2025-07-17T14:21:16.000</PriceUpdateTime>
      <ItemCode>7290112490674</ItemCode>
      <LastSaleDateTime>2026-01-28T20:29:50.000</LastSaleDateTime>
      <ItemType>1</ItemType>
      <ItemName>קונפיטורה דובדבן 340</ItemName>
      <ManufactureName>לא ידוע</ManufactureName>
      <ManufactureCountry>לא ידוע</ManufactureCountry>
      <ManufactureItemDescription>קונפיטורה דובדבן 340</ManufactureItemDescription>
      <UnitQty>גרם</UnitQty>
      <Quantity>340.00</Quantity>
      <UnitOfMeasure>100 גרם</UnitOfMeasure>
      <bIsWeighted>0</bIsWeighted>
      <QtyInPackage>לא ידוע</QtyInPackage>
      <ItemPrice>13.90</ItemPrice>
      <UnitOfMeasurePrice>4.09</UnitOfMeasurePrice>
      <AllowDiscount>1</AllowDiscount>
      <ItemStatus/>
    </Item>
    <Item>
      <PriceUpdateTime>2025-07-20T09:40:55.000</PriceUpdateTime>
      <ItemCode>7622201798154</ItemCode>
      <LastSaleDateTime>2026-01-29T13:28:26.000</LastSaleDateTime>
      <ItemType>1</ItemType>
      <ItemName>פילדלפיה לייט 150גר</ItemName>
      <ManufactureName>לא ידוע</ManufactureName>
      <ManufactureCountry>לא ידוע</ManufactureCountry>
      <ManufactureItemDescription>פילדלפיה לייט 150גר</ManufactureItemDescription>
      <UnitQty>גרם</UnitQty>
      <Quantity>150.00</Quantity>
      <UnitOfMeasure>100 גרם</UnitOfMeasure>
      <bIsWeighted>0</bIsWeighted>
      <QtyInPackage>לא ידוע</QtyInPackage>
      <ItemPrice>14.90</ItemPrice>
      <UnitOfMeasurePrice>9.93</UnitOfMeasurePrice>
      <AllowDiscount>1</AllowDiscount>
      <ItemStatus/>
    </Item>
    <Item>
      <PriceUpdateTime>2025-07-20T11:17:01.000</PriceUpdateTime>
      <ItemCode>5901867816641</ItemCode>
      <LastSaleDateTime>2026-01-25T13:08:35.000</LastSaleDateTime>
      <ItemType>1</ItemType>
      <ItemName>בלוודר וודקה 700 מל</ItemName>
      <ManufactureName>לא ידוע</ManufactureName>
      <ManufactureCountry>לא ידוע</ManufactureCountry>
      <ManufactureItemDescription>בלוודר וודקה 700 מל</ManufactureItemDescription>
      <UnitQty>לא ידוע</UnitQty>
      <Quantity>700.00</Quantity>
      <UnitOfMeasure>100 מ"ל</UnitOfMeasure>
      <bIsWeighted>0</bIsWeighted>
      <QtyInPackage>לא ידוע</QtyInPackage>
      <ItemPrice>114.90</ItemPrice>
      <UnitOfMeasurePrice>0.16</UnitOfMeasurePrice>
      <AllowDiscount>1</AllowDiscount>
      <ItemStatus/>
    </Item>
    <Item>
      <PriceUpdateTime>2025-07-20T14:53:32.000</PriceUpdateTime>
      <ItemCode>7290000295404</ItemCode>
      <LastSaleDateTime>2026-01-29T19:22:17.000</LastSaleDateTime>
      <ItemType>1</ItemType>
      <ItemName>סנו סושי שקיות אשפה</ItemName>
      <ManufactureName>סנו</ManufactureName>
      <ManufactureCountry>לא ידוע</ManufactureCountry>
      <ManufactureItemDescription>סנו סושי שקיות אשפה</ManufactureItemDescription>
      <UnitQty>לא ידוע</UnitQty>
      <Quantity>60.00</Quantity>
      <UnitOfMeasure>יח'</UnitOfMeasure>
      <bIsWeighted>0</bIsWeighted>
      <QtyInPackage>לא ידוע</QtyInPackage>
      <ItemPrice>21.90</ItemPrice>
      <UnitOfMeasurePrice>0.36</UnitOfMeasurePrice>
      <AllowDiscount>1</AllowDiscount>
      <ItemStatus/>
    </Item>
    <Item>
      <PriceUpdateTime>2025-07-20T14:53:33.000</PriceUpdateTime>
      <ItemCode>7290108359084</ItemCode>
      <LastSaleDateTime>2026-01-22T11:29:13.000</LastSaleDateTime>
      <ItemType>1</ItemType>
      <ItemName>סושי כיסוי ניילון עם</ItemName>
      <ManufactureName>לא ידוע</ManufactureName>
      <ManufactureCountry>לא ידוע</ManufactureCountry>
      <ManufactureItemDescription>סושי כיסוי ניילון עם</ManufactureItemDescription>
      <UnitQty>לא ידוע</UnitQty>
      <Quantity>1.00</Quantity>
      <UnitOfMeasure>יח'</UnitOfMeasure>
      <bIsWeighted>0</bIsWeighted>
      <QtyInPackage>לא ידוע</QtyInPackage>
      <ItemPrice>11.50</ItemPrice>
      <UnitOfMeasurePrice>11.50</UnitOfMeasurePrice>
      <AllowDiscount>1</AllowDiscount>
      <ItemStatus/>
    </Item>
    <Item>
      <PriceUpdateTime>2025-07-20T14:53:37.000</PriceUpdateTime>
      <ItemCode>7290005430602</ItemCode>
      <LastSaleDateTime>2026-01-22T17:42:49.000</LastSaleDateTime>
      <ItemType>1</ItemType>
      <ItemName>אוקסיג'ן ספריי להסרת</ItemName>
      <ManufactureName>סנו</ManufactureName>
      <ManufactureCountry>לא ידוע</ManufactureCountry>
      <ManufactureItemDescription>אוקסיג'ן ספריי להסרת</ManufactureItemDescription>
      <UnitQty>לא ידוע</UnitQty>
      <Quantity>750.00</Quantity>
      <UnitOfMeasure>100 מ"ל</UnitOfMeasure>
      <bIsWeighted>0</bIsWeighted>
      <QtyInPackage>לא ידוע</QtyInPackage>
      <ItemPrice>17.70</ItemPrice>
      <UnitOfMeasurePrice>0.02</UnitOfMeasurePrice>
      <AllowDiscount>1</AllowDiscount>
      <ItemStatus/>
    </Item>
    <Item>
      <PriceUpdateTime>2025-07-20T14:53:37.000</PriceUpdateTime>
      <ItemCode>7290107280716</ItemCode>
      <LastSaleDateTime>2026-01-22T16:32:43.000</LastSaleDateTime>
      <ItemType>1</ItemType>
      <ItemName>סנו ספארק מלח למדיח</ItemName>
      <ManufactureName>סנו ספארק</ManufactureName>
      <ManufactureCountry>לא ידוע</ManufactureCountry>
      <ManufactureItemDescription>סנו ספארק מלח למדיח</ManufactureItemDescription>
      <UnitQty>קילוגרם</UnitQty>
      <Quantity>1.00</Quantity>
      <UnitOfMeasure>ק"ג     </UnitOfMeasure>
      <bIsWeighted>0</bIsWeighted>
      <QtyInPackage>לא ידוע</QtyInPackage>
      <ItemPrice>10.90</ItemPrice>
      <UnitOfMeasurePrice>10.90</UnitOfMeasurePrice>
      <AllowDiscount>1</AllowDiscount>
      <ItemStatus/>
    </Item>
    <Item>
      <PriceUpdateTime>2025-07-20T14:53:37.000</PriceUpdateTime>
      <ItemCode>7290108351156</ItemCode>
      <LastSaleDateTime>2026-01-22T11:44:55.000</LastSaleDateTime>
      <ItemType>1</ItemType>
      <ItemName>סנו ג'ט פלוס לניקוי</ItemName>
      <ManufactureName>לא ידוע</ManufactureName>
      <ManufactureCountry>לא ידוע</ManufactureCountry>
      <ManufactureItemDescription>סנו ג'ט פלוס לניקוי</ManufactureItemDescription>
      <UnitQty>לא ידוע</UnitQty>
      <Quantity>750.00</Quantity>
      <UnitOfMeasure>100 מ"ל</UnitOfMeasure>
      <bIsWeighted>0</bIsWeighted>
      <QtyInPackage>לא ידוע</QtyInPackage>
      <ItemPrice>12.90</ItemPrice>
      <UnitOfMeasurePrice>0.02</UnitOfMeasurePrice>
      <AllowDiscount>1</AllowDiscount>
      <ItemStatus/>
    </Item>
    <Item>
      <PriceUpdateTime>2025-07-20T14:53:37.000</PriceUpdateTime>
      <ItemCode>7290108357295</ItemCode>
      <LastSaleDateTime>2026-01-28T18:54:19.000</LastSaleDateTime>
      <ItemType>1</ItemType>
      <ItemName>סנו אוקסיג'ן ספריי פ</ItemName>
      <ManufactureName>לא ידוע</ManufactureName>
      <ManufactureCountry>לא ידוע</ManufactureCountry>
      <ManufactureItemDescription>סנו אוקסיג'ן ספריי פ</ManufactureItemDescription>
      <UnitQty>לא ידוע</UnitQty>
      <Quantity>750.00</Quantity>
      <UnitOfMeasure>100 מ"ל</UnitOfMeasure>
      <bIsWeighted>0</bIsWeighted>
      <QtyInPackage>לא ידוע</QtyInPackage>
      <ItemPrice>17.70</ItemPrice>
      <UnitOfMeasurePrice>0.02</UnitOfMeasurePrice>
      <AllowDiscount>1</AllowDiscount>
      <ItemStatus/>
    </Item>
    <Item>
      <PriceUpdateTime>2025-07-20T14:53:37.000</PriceUpdateTime>
      <ItemCode>7290108354966</ItemCode>
      <LastSaleDateTime>2026-01-29T19:33:33.000</LastSaleDateTime>
      <ItemType>1</ItemType>
      <ItemName>מגבונים לניקוי כללי</ItemName>
      <ManufactureName>לא ידוע</ManufactureName>
      <ManufactureCountry>לא ידוע</ManufactureCountry>
      <ManufactureItemDescription>מגבונים לניקוי כללי</ManufactureItemDescription>
      <UnitQty>לא ידוע</UnitQty>
      <Quantity>1.00</Quantity>
      <UnitOfMeasure>יח'</UnitOfMeasure>
      <bIsWeighted>0</bIsWeighted>
      <QtyInPackage>לא ידוע</QtyInPackage>
      <ItemPrice>19.90</ItemPrice>
      <UnitOfMeasurePrice>19.90</UnitOfMeasurePrice>
      <AllowDiscount>1</AllowDiscount>
      <ItemStatus/>
    </Item>
    <Item>
      <PriceUpdateTime>2025-07-20T14:53:42.000</PriceUpdateTime>
      <ItemCode>7290012116032</ItemCode>
      <LastSaleDateTime>2026-01-29T17:39:42.000</LastSaleDateTime>
      <ItemType>1</ItemType>
      <ItemName>מרכך לשיער פיות כיף</ItemName>
      <ManufactureName>כיף</ManufactureName>
      <ManufactureCountry>לא ידוע</ManufactureCountry>
      <ManufactureItemDescription>מרכך לשיער פיות כיף</ManufactureItemDescription>
      <UnitQty>לא ידוע</UnitQty>
      <Quantity>750.00</Quantity>
      <UnitOfMeasure>100 מ"ל</UnitOfMeasure>
      <bIsWeighted>0</bIsWeighted>
      <QtyInPackage>לא ידוע</QtyInPackage>
      <ItemPrice>10.90</ItemPrice>
      <UnitOfMeasurePrice>0.01</UnitOfMeasurePrice>
      <AllowDiscount>1</AllowDiscount>
      <ItemStatus/>
    </Item>
    <Item>
      <PriceUpdateTime>2025-07-20T14:53:42.000</PriceUpdateTime>
      <ItemCode>7290012116063</ItemCode>
      <LastSaleDateTime>2026-01-28T09:45:21.000</LastSaleDateTime>
      <ItemType>1</ItemType>
      <ItemName>אל סבון פיות בתמציות</ItemName>
      <ManufactureName>כיף</ManufactureName>
      <ManufactureCountry>לא ידוע</ManufactureCountry>
      <ManufactureItemDescription>אל סבון פיות בתמציות</ManufactureItemDescription>
      <UnitQty>לא ידוע</UnitQty>
      <Quantity>750.00</Quantity>
      <UnitOfMeasure>100 מ"ל</UnitOfMeasure>
      <bIsWeighted>0</bIsWeighted>
      <QtyInPackage>לא ידוע</QtyInPackage>
      <ItemPrice>10.90</ItemPrice>
      <UnitOfMeasurePrice>0.01</UnitOfMeasurePrice>
      <AllowDiscount>1</AllowDiscount>
      <ItemStatus/>
    </Item>
    <Item>
      <PriceUpdateTime>2025-07-21T07:52:21.000</PriceUpdateTime>
      <ItemCode>7290005692413</ItemCode>
      <LastSaleDateTime>2026-01-29T20:13:39.000</LastSaleDateTime>
      <ItemType>1</ItemType>
      <ItemName>פילה מדומה בקר קפוא</ItemName>
      <ManufactureName>לא ידוע</ManufactureName>
      <ManufactureCountry>לא ידוע</ManufactureCountry>
      <ManufactureItemDescription>פילה מדומה בקר קפוא</ManufactureItemDescription>
      <UnitQty>קילוגרם</UnitQty>
      <Quantity>1.00</Quantity>
      <UnitOfMeasure>ק"ג     </UnitOfMeasure>
      <bIsWeighted>1</bIsWeighted>
      <QtyInPackage>לא ידוע</QtyInPackage>
      <ItemPrice>48.90</ItemPrice>
      <UnitOfMeasurePrice>48.90</UnitOfMeasurePrice>
      <AllowDiscount>1</AllowDiscount>
      <ItemStatus/>
    </Item>
    <Item>
      <PriceUpdateTime>2025-07-22T15:21:53.000</PriceUpdateTime>
      <ItemCode>4260047131372</ItemCode>
      <LastSaleDateTime>2015-01-01T00:00:00.000</LastSaleDateTime>
      <ItemType>1</ItemType>
      <ItemName>וודקה אספרסו 700מל</ItemName>
      <ManufactureName>שע"ל רובין</ManufactureName>
      <ManufactureCountry>לא ידוע</ManufactureCountry>
      <ManufactureItemDescription>וודקה אספרסו 700מל</ManufactureItemDescription>
      <UnitQty>לא ידוע</UnitQty>
      <Quantity>1.00</Quantity>
      <UnitOfMeasure>יח'</UnitOfMeasure>
      <bIsWeighted>0</bIsWeighted>
      <QtyInPackage>לא ידוע</QtyInPackage>
      <ItemPrice>90.90</ItemPrice>
      <UnitOfMeasurePrice>90.90</UnitOfMeasurePrice>
      <AllowDiscount>1</AllowDiscount>
      <ItemStatus>2</ItemStatus>
    </Item>
    <Item>
      <PriceUpdateTime>2025-07-22T15:21:53.000</PriceUpdateTime>
      <ItemCode>4260047131372</ItemCode>
      <LastSaleDateTime>2015-01-01T00:00:00.000</LastSaleDateTime>
      <ItemType>1</ItemType>
      <ItemName>וודקה אספרסו 700מל</ItemName>
      <ManufactureName>שע"ל רובין</ManufactureName>
      <ManufactureCountry>לא ידוע</ManufactureCountry>
      <ManufactureItemDescription>וודקה אספרסו 700מל</ManufactureItemDescription>
      <UnitQty>לא ידוע</UnitQty>
      <Quantity>1.00</Quantity>
      <UnitOfMeasure>יח'</UnitOfMeasure>
      <bIsWeighted>0</bIsWeighted>
      <QtyInPackage>לא ידוע</QtyInPackage>
      <ItemPrice>90.90</ItemPrice>
      <UnitOfMeasurePrice>90.90</UnitOfMeasurePrice>
      <AllowDiscount>1</AllowDiscount>
      <ItemStatus/>
    </Item>
    <Item>
      <PriceUpdateTime>2025-07-22T15:21:53.000</PriceUpdateTime>
      <ItemCode>4260047131389</ItemCode>
      <LastSaleDateTime>2015-01-01T00:00:00.000</LastSaleDateTime>
      <ItemType>1</ItemType>
      <ItemName>וודקה קוקוס 700מל</ItemName>
      <ManufactureName>לא ידוע</ManufactureName>
      <ManufactureCountry>לא ידוע</ManufactureCountry>
      <ManufactureItemDescription>וודקה קוקוס 700מל</ManufactureItemDescription>
      <UnitQty>לא ידוע</UnitQty>
      <Quantity>1.00</Quantity>
      <UnitOfMeasure>יח'</UnitOfMeasure>
      <bIsWeighted>0</bIsWeighted>
      <QtyInPackage>לא ידוע</QtyInPackage>
      <ItemPrice>90.90</ItemPrice>
      <UnitOfMeasurePrice>90.90</UnitOfMeasurePrice>
      <AllowDiscount>1</AllowDiscount>
      <ItemStatus>2</ItemStatus>
    </Item>
    <Item>
      <PriceUpdateTime>2025-07-22T15:21:53.000</PriceUpdateTime>
      <ItemCode>4260047131389</ItemCode>
      <LastSaleDateTime>2015-01-01T00:00:00.000</LastSaleDateTime>
      <ItemType>1</ItemType>
      <ItemName>וודקה קוקוס 700מל</ItemName>
      <ManufactureName>לא ידוע</ManufactureName>
      <ManufactureCountry>לא ידוע</ManufactureCountry>
      <ManufactureItemDescription>וודקה קוקוס 700מל</ManufactureItemDescription>
      <UnitQty>לא ידוע</UnitQty>
      <Quantity>1.00</Quantity>
      <UnitOfMeasure>יח'</UnitOfMeasure>
      <bIsWeighted>0</bIsWeighted>
      <QtyInPackage>לא ידוע</QtyInPackage>
      <ItemPrice>90.90</ItemPrice>
      <UnitOfMeasurePrice>90.90</UnitOfMeasurePrice>
      <AllowDiscount>1</AllowDiscount>
      <ItemStatus/>
    </Item>
    <Item>
      <PriceUpdateTime>2025-07-22T15:21:53.000</PriceUpdateTime>
      <ItemCode>4260047131396</ItemCode>
      <LastSaleDateTime>2015-01-01T00:00:00.000</LastSaleDateTime>
      <ItemType>1</ItemType>
      <ItemName>וודקה אסאי 700מל</ItemName>
      <ManufactureName>שע"ל רובין</ManufactureName>
      <ManufactureCountry>לא ידוע</ManufactureCountry>
      <ManufactureItemDescription>וודקה אסאי 700מל</ManufactureItemDescription>
      <UnitQty>לא ידוע</UnitQty>
      <Quantity>1.00</Quantity>
      <UnitOfMeasure>יח'</UnitOfMeasure>
      <bIsWeighted>0</bIsWeighted>
      <QtyInPackage>לא ידוע</QtyInPackage>
      <ItemPrice>90.90</ItemPrice>
      <UnitOfMeasurePrice>90.90</UnitOfMeasurePrice>
      <AllowDiscount>1</AllowDiscount>
      <ItemStatus>2</ItemStatus>
    </Item>
    <Item>
      <PriceUpdateTime>2025-07-22T15:21:53.000</PriceUpdateTime>
      <ItemCode>4260047131396</ItemCode>
      <LastSaleDateTime>2015-01-01T00:00:00.000</LastSaleDateTime>
      <ItemType>1</ItemType>
      <ItemName>וודקה אסאי 700מל</ItemName>
      <ManufactureName>שע"ל רובין</ManufactureName>
      <ManufactureCountry>לא ידוע</ManufactureCountry>
      <ManufactureItemDescription>וודקה אסאי 700מל</ManufactureItemDescription>
      <UnitQty>לא ידוע</UnitQty>
      <Quantity>1.00</Quantity>
      <UnitOfMeasure>יח'</UnitOfMeasure>
      <bIsWeighted>0</bIsWeighted>
      <QtyInPackage>לא ידוע</QtyInPackage>
      <ItemPrice>90.90</ItemPrice>
      <UnitOfMeasurePrice>90.90</UnitOfMeasurePrice>
      <AllowDiscount>1</AllowDiscount>
      <ItemStatus/>
    </Item>
    <Item>
      <PriceUpdateTime>2025-07-22T15:21:53.000</PriceUpdateTime>
      <ItemCode>5022069002103</ItemCode>
      <LastSaleDateTime>2015-01-01T00:00:00.000</LastSaleDateTime>
      <ItemType>1</ItemType>
      <ItemName>וויסקי דירק-סקוטי</ItemName>
      <ManufactureName>לא ידוע</ManufactureName>
      <ManufactureCountry>לא ידוע</ManufactureCountry>
      <ManufactureItemDescription>וויסקי דירק-סקוטי</ManufactureItemDescription>
      <UnitQty>לא ידוע</UnitQty>
      <Quantity>1.00</Quantity>
      <UnitOfMeasure>יח'</UnitOfMeasure>
      <bIsWeighted>0</bIsWeighted>
      <QtyInPackage>לא ידוע</QtyInPackage>
      <ItemPrice>50.50</ItemPrice>
      <UnitOfMeasurePrice>50.50</UnitOfMeasurePrice>
      <AllowDiscount>1</AllowDiscount>
      <ItemStatus>2</ItemStatus>
    </Item>
    <Item>
      <PriceUpdateTime>2025-07-22T15:21:53.000</PriceUpdateTime>
      <ItemCode>5022069002103</ItemCode>
      <LastSaleDateTime>2015-01-01T00:00:00.000</LastSaleDateTime>
      <ItemType>1</ItemType>
      <ItemName>וויסקי דירק-סקוטי</ItemName>
      <ManufactureName>לא ידוע</ManufactureName>
      <ManufactureCountry>לא ידוע</ManufactureCountry>
      <ManufactureItemDescription>וויסקי דירק-סקוטי</ManufactureItemDescription>
      <UnitQty>לא ידוע</UnitQty>
      <Quantity>1.00</Quantity>
      <UnitOfMeasure>יח'</UnitOfMeasure>
      <bIsWeighted>0</bIsWeighted>
      <QtyInPackage>לא ידוע</QtyInPackage>
      <ItemPrice>50.50</ItemPrice>
      <UnitOfMeasurePrice>50.50</UnitOfMeasurePrice>
      <AllowDiscount>1</AllowDiscount>
      <ItemStatus/>
    </Item>
    <Item>
      <PriceUpdateTime>2025-07-23T11:58:21.000</PriceUpdateTime>
      <ItemCode>7290002190141</ItemCode>
      <LastSaleDateTime>2026-01-29T14:58:21.000</LastSaleDateTime>
      <ItemType>1</ItemType>
      <ItemName>ריבת חלב גלעם 450ג'</ItemName>
      <ManufactureName>גלעם</ManufactureName>
      <ManufactureCountry>לא ידוע</ManufactureCountry>
      <ManufactureItemDescription>ריבת חלב גלעם 450ג'</ManufactureItemDescription>
      <UnitQty>גרם</UnitQty>
      <Quantity>450.00</Quantity>
      <UnitOfMeasure>100 גרם</UnitOfMeasure>
      <bIsWeighted>0</bIsWeighted>
      <QtyInPackage>לא ידוע</QtyInPackage>
      <ItemPrice>15.50</ItemPrice>
      <UnitOfMeasurePrice>3.44</UnitOfMeasurePrice>
      <AllowDiscount>1</AllowDiscount>
      <ItemStatus/>
    </Item>
    <Item>
      <PriceUpdateTime>2025-07-23T11:58:28.000</PriceUpdateTime>
      <ItemCode>7290015194266</ItemCode>
      <LastSaleDateTime>2026-01-29T20:22:49.000</LastSaleDateTime>
      <ItemType>1</ItemType>
      <ItemName>שלווה חיטה תפוחה מתו</ItemName>
      <ManufactureName>לא ידוע</ManufactureName>
      <ManufactureCountry>לא ידוע</ManufactureCountry>
      <ManufactureItemDescription>שלווה חיטה תפוחה מתו</ManufactureItemDescription>
      <UnitQty>גרם</UnitQty>
      <Quantity>70.00</Quantity>
      <UnitOfMeasure>100 גרם</UnitOfMeasure>
      <bIsWeighted>0</bIsWeighted>
      <QtyInPackage>לא ידוע</QtyInPackage>
      <ItemPrice>3.80</ItemPrice>
      <UnitOfMeasurePrice>5.43</UnitOfMeasurePrice>
      <AllowDiscount>1</AllowDiscount>
      <ItemStatus/>
    </Item>
    <Item>
      <PriceUpdateTime>2025-07-23T13:05:37.000</PriceUpdateTime>
      <ItemCode>7290000178134</ItemCode>
      <LastSaleDateTime>2026-01-29T22:52:38.000</LastSaleDateTime>
      <ItemType>1</ItemType>
      <ItemName>שוקולד מריר פרה פרוו</ItemName>
      <ManufactureName>עלית</ManufactureName>
      <ManufactureCountry>לא ידוע</ManufactureCountry>
      <ManufactureItemDescription>שוקולד מריר פרה פרוו</ManufactureItemDescription>
      <UnitQty>גרם</UnitQty>
      <Quantity>400.00</Quantity>
      <UnitOfMeasure>100 גרם</UnitOfMeasure>
      <bIsWeighted>0</bIsWeighted>
      <QtyInPackage>לא ידוע</QtyInPackage>
      <ItemPrice>26.90</ItemPrice>
      <UnitOfMeasurePrice>6.72</UnitOfMeasurePrice>
      <AllowDiscount>1</AllowDiscount>
      <ItemStatus/>
    </Item>
    <Item>
      <PriceUpdateTime>2025-07-23T13:05:37.000</PriceUpdateTime>
      <ItemCode>7290010116348</ItemCode>
      <LastSaleDateTime>2026-01-29T21:34:04.000</LastSaleDateTime>
      <ItemType>1</ItemType>
      <ItemName>מיקס חטיפי שוקולד מג</ItemName>
      <ManufactureName>עלית מגדים</ManufactureName>
      <ManufactureCountry>לא ידוע</ManufactureCountry>
      <ManufactureItemDescription>מיקס חטיפי שוקולד מג</ManufactureItemDescription>
      <UnitQty>גרם</UnitQty>
      <Quantity>390.00</Quantity>
      <UnitOfMeasure>100 גרם</UnitOfMeasure>
      <bIsWeighted>0</bIsWeighted>
      <QtyInPackage>לא ידוע</QtyInPackage>
      <ItemPrice>28.90</ItemPrice>
      <UnitOfMeasurePrice>7.41</UnitOfMeasurePrice>
      <AllowDiscount>1</AllowDiscount>
      <ItemStatus/>
    </Item>
    <Item>
      <PriceUpdateTime>2025-07-24T10:26:52.000</PriceUpdateTime>
      <ItemCode>7290110117702</ItemCode>
      <LastSaleDateTime>2015-01-01T00:00:00.000</LastSaleDateTime>
      <ItemType>1</ItemType>
      <ItemName>שישיות בירה טובורג ג</ItemName>
      <ManufactureName>לא ידוע</ManufactureName>
      <ManufactureCountry>לא ידוע</ManufactureCountry>
      <ManufactureItemDescription>שישיות בירה טובורג ג</ManufactureItemDescription>
      <UnitQty>ליטר</UnitQty>
      <Quantity>1.98</Quantity>
      <UnitOfMeasure>ליטר    </UnitOfMeasure>
      <bIsWeighted>0</bIsWeighted>
      <QtyInPackage>לא ידוע</QtyInPackage>
      <ItemPrice>24.90</ItemPrice>
      <UnitOfMeasurePrice>12.58</UnitOfMeasurePrice>
      <AllowDiscount>1</AllowDiscount>
      <ItemStatus>2</ItemStatus>
    </Item>
    <Item>
      <PriceUpdateTime>2025-07-24T10:26:52.000</PriceUpdateTime>
      <ItemCode>7290110117702</ItemCode>
      <LastSaleDateTime>2015-01-01T00:00:00.000</LastSaleDateTime>
      <ItemType>1</ItemType>
      <ItemName>שישיות בירה טובורג ג</ItemName>
      <ManufactureName>לא ידוע</ManufactureName>
      <ManufactureCountry>לא ידוע</ManufactureCountry>
      <ManufactureItemDescription>שישיות בירה טובורג ג</ManufactureItemDescription>
      <UnitQty>ליטר</UnitQty>
      <Quantity>1.98</Quantity>
      <UnitOfMeasure>ליטר    </UnitOfMeasure>
      <bIsWeighted>0</bIsWeighted>
      <QtyInPackage>לא ידוע</QtyInPackage>
      <ItemPrice>24.90</ItemPrice>
      <UnitOfMeasurePrice>12.58</UnitOfMeasurePrice>
      <AllowDiscount>1</AllowDiscount>
      <ItemStatus/>
    </Item>
    <Item>
      <PriceUpdateTime>2025-07-24T10:26:59.000</PriceUpdateTime>
      <ItemCode>8700216891103</ItemCode>
      <LastSaleDateTime>2026-01-22T14:53:53.000</LastSaleDateTime>
      <ItemType>1</ItemType>
      <ItemName>חיתולי פמפרס פרימיום</ItemName>
      <ManufactureName>לא ידוע</ManufactureName>
      <ManufactureCountry>לא ידוע</ManufactureCountry>
      <ManufactureItemDescription>חיתולי פמפרס פרימיום</ManufactureItemDescription>
      <UnitQty>לא ידוע</UnitQty>
      <Quantity>1.00</Quantity>
      <UnitOfMeasure>יח'</UnitOfMeasure>
      <bIsWeighted>0</bIsWeighted>
      <QtyInPackage>לא ידוע</QtyInPackage>
      <ItemPrice>34.50</ItemPrice>
      <UnitOfMeasurePrice>34.50</UnitOfMeasurePrice>
      <AllowDiscount>1</AllowDiscount>
      <ItemStatus/>
    </Item>
    <Item>
      <PriceUpdateTime>2025-07-24T11:51:57.000</PriceUpdateTime>
      <ItemCode>7290014503625</ItemCode>
      <LastSaleDateTime>2026-01-14T16:56:08.000</LastSaleDateTime>
      <ItemType>1</ItemType>
      <ItemName>אסטייט קברנה סוביניו</ItemName>
      <ManufactureName>לא ידוע</ManufactureName>
      <ManufactureCountry>לא ידוע</ManufactureCountry>
      <ManufactureItemDescription>אסטייט קברנה סוביניו</ManufactureItemDescription>
      <UnitQty>מטרים</UnitQty>
      <Quantity>750.00</Quantity>
      <UnitOfMeasure>100 מ'ל</UnitOfMeasure>
      <bIsWeighted>0</bIsWeighted>
      <QtyInPackage>לא ידוע</QtyInPackage>
      <ItemPrice>64.90</ItemPrice>
      <UnitOfMeasurePrice>0.09</UnitOfMeasurePrice>
      <AllowDiscount>1</AllowDiscount>
      <ItemStatus/>
    </Item>
    <Item>
      <PriceUpdateTime>2025-07-24T11:51:57.000</PriceUpdateTime>
      <ItemCode>7290004494384</ItemCode>
      <LastSaleDateTime>2026-01-12T08:41:25.000</LastSaleDateTime>
      <ItemType>1</ItemType>
      <ItemName>אסטייט יין רוזה 750מ</ItemName>
      <ManufactureName>לא ידוע</ManufactureName>
      <ManufactureCountry>לא ידוע</ManufactureCountry>
      <ManufactureItemDescription>אסטייט יין רוזה 750מ</ManufactureItemDescription>
      <UnitQty>מטרים</UnitQty>
      <Quantity>750.00</Quantity>
      <UnitOfMeasure>100 מ'ל</UnitOfMeasure>
      <bIsWeighted>0</bIsWeighted>
      <QtyInPackage>לא ידוע</QtyInPackage>
      <ItemPrice>64.90</ItemPrice>
      <UnitOfMeasurePrice>0.09</UnitOfMeasurePrice>
      <AllowDiscount>1</AllowDiscount>
      <ItemStatus/>
    </Item>
    <Item>
      <PriceUpdateTime>2025-07-24T11:51:57.000</PriceUpdateTime>
      <ItemCode>7290014503656</ItemCode>
      <LastSaleDateTime>2026-01-29T21:49:45.000</LastSaleDateTime>
      <ItemType>1</ItemType>
      <ItemName>אסטייט פטיט סירה 750</ItemName>
      <ManufactureName>לא ידוע</ManufactureName>
      <ManufactureCountry>לא ידוע</ManufactureCountry>
      <ManufactureItemDescription>אסטייט פטיט סירה 750</ManufactureItemDescription>
      <UnitQty>מטרים</UnitQty>
      <Quantity>750.00</Quantity>
      <UnitOfMeasure>100 מ'ל</UnitOfMeasure>
      <bIsWeighted>0</bIsWeighted>
      <QtyInPackage>לא ידוע</QtyInPackage>
      <ItemPrice>64.90</ItemPrice>
      <UnitOfMeasurePrice>0.09</UnitOfMeasurePrice>
      <AllowDiscount>1</AllowDiscount>
      <ItemStatus/>
    </Item>
    <Item>
      <PriceUpdateTime>2025-07-24T11:52:48.000</PriceUpdateTime>
      <ItemCode>7290004494315</ItemCode>
      <LastSaleDateTime>2025-11-12T00:00:00.000</LastSaleDateTime>
      <ItemType>1</ItemType>
      <ItemName>יין כנען מוסקאטו 750</ItemName>
      <ManufactureName>דלתון</ManufactureName>
      <ManufactureCountry>ישראל</ManufactureCountry>
      <ManufactureItemDescription>מוסקאטו יובלים (דלתון) -</ManufactureItemDescription>
      <UnitQty>לא ידוע</UnitQty>
      <Quantity>750.00</Quantity>
      <UnitOfMeasure>100 מ"ל</UnitOfMeasure>
      <bIsWeighted>0</bIsWeighted>
      <QtyInPackage>לא ידוע</QtyInPackage>
      <ItemPrice>47.90</ItemPrice>
      <UnitOfMeasurePrice>0.06</UnitOfMeasurePrice>
      <AllowDiscount>1</AllowDiscount>
      <ItemStatus/>
    </Item>
    <Item>
      <PriceUpdateTime>2025-07-24T11:52:48.000</PriceUpdateTime>
      <ItemCode>7290014503137</ItemCode>
      <LastSaleDateTime>2026-01-09T12:32:17.000</LastSaleDateTime>
      <ItemType>1</ItemType>
      <ItemName>יין כנען אדום 750 מל</ItemName>
      <ManufactureName>דלתון</ManufactureName>
      <ManufactureCountry>ישראל</ManufactureCountry>
      <ManufactureItemDescription>יובלים אדום (דלתון) - רשת</ManufactureItemDescription>
      <UnitQty>לא ידוע</UnitQty>
      <Quantity>750.00</Quantity>
      <UnitOfMeasure>100 מ"ל</UnitOfMeasure>
      <bIsWeighted>0</bIsWeighted>
      <QtyInPackage>לא ידוע</QtyInPackage>
      <ItemPrice>47.90</ItemPrice>
      <UnitOfMeasurePrice>0.06</UnitOfMeasurePrice>
      <AllowDiscount>1</AllowDiscount>
      <ItemStatus/>
    </Item>
    <Item>
      <PriceUpdateTime>2025-07-24T11:52:48.000</PriceUpdateTime>
      <ItemCode>7290014503144</ItemCode>
      <LastSaleDateTime>2026-01-07T13:54:08.000</LastSaleDateTime>
      <ItemType>1</ItemType>
      <ItemName>יין כנען לבן 750 מל</ItemName>
      <ManufactureName>דלתון</ManufactureName>
      <ManufactureCountry>ישראל</ManufactureCountry>
      <ManufactureItemDescription>יובלים לבן (דלתון) - רשת</ManufactureItemDescription>
      <UnitQty>לא ידוע</UnitQty>
      <Quantity>750.00</Quantity>
      <UnitOfMeasure>100 מ"ל</UnitOfMeasure>
      <bIsWeighted>0</bIsWeighted>
      <QtyInPackage>לא ידוע</QtyInPackage>
      <ItemPrice>47.90</ItemPrice>
      <UnitOfMeasurePrice>0.06</UnitOfMeasurePrice>
      <AllowDiscount>1</AllowDiscount>
      <ItemStatus/>
    </Item>
    <Item>
      <PriceUpdateTime>2025-07-27T08:05:08.000</PriceUpdateTime>
      <ItemCode>7290001600658</ItemCode>
      <LastSaleDateTime>2026-01-28T13:47:05.000</LastSaleDateTime>
      <ItemType>1</ItemType>
      <ItemName>שריר בקר קפוא אור חי</ItemName>
      <ManufactureName>לא ידוע</ManufactureName>
      <ManufactureCountry>לא ידוע</ManufactureCountry>
      <ManufactureItemDescription>שריר בקר קפוא אור חי</ManufactureItemDescription>
      <UnitQty>קילוגרם</UnitQty>
      <Quantity>1.00</Quantity>
      <UnitOfMeasure>ק"ג     </UnitOfMeasure>
      <bIsWeighted>1</bIsWeighted>
      <QtyInPackage>לא ידוע</QtyInPackage>
      <ItemPrice>54.90</ItemPrice>
      <UnitOfMeasurePrice>54.90</UnitOfMeasurePrice>
      <AllowDiscount>1</AllowDiscount>
      <ItemStatus/>
    </Item>
    <Item>
      <PriceUpdateTime>2025-07-29T10:31:58.000</PriceUpdateTime>
      <ItemCode>5410316983693</ItemCode>
      <LastSaleDateTime>2025-08-29T00:00:00.000</LastSaleDateTime>
      <ItemType>1</ItemType>
      <ItemName>אייס סמירנוף 275 מ"ל</ItemName>
      <ManufactureName>סמירנוף</ManufactureName>
      <ManufactureCountry>לא ידוע</ManufactureCountry>
      <ManufactureItemDescription>אייס סמירנוף 275 מ"ל</ManufactureItemDescription>
      <UnitQty>לא ידוע</UnitQty>
      <Quantity>275.00</Quantity>
      <UnitOfMeasure>100 מ"ל</UnitOfMeasure>
      <bIsWeighted>0</bIsWeighted>
      <QtyInPackage>לא ידוע</QtyInPackage>
      <ItemPrice>6.90</ItemPrice>
      <UnitOfMeasurePrice>0.03</UnitOfMeasurePrice>
      <AllowDiscount>1</AllowDiscount>
      <ItemStatus>2</ItemStatus>
    </Item>
    <Item>
      <PriceUpdateTime>2025-07-29T10:31:58.000</PriceUpdateTime>
      <ItemCode>5410316983693</ItemCode>
      <LastSaleDateTime>2025-08-29T00:00:00.000</LastSaleDateTime>
      <ItemType>1</ItemType>
      <ItemName>אייס סמירנוף 275 מ"ל</ItemName>
      <ManufactureName>סמירנוף</ManufactureName>
      <ManufactureCountry>לא ידוע</ManufactureCountry>
      <ManufactureItemDescription>אייס סמירנוף 275 מ"ל</ManufactureItemDescription>
      <UnitQty>לא ידוע</UnitQty>
      <Quantity>275.00</Quantity>
      <UnitOfMeasure>100 מ"ל</UnitOfMeasure>
      <bIsWeighted>0</bIsWeighted>
      <QtyInPackage>לא ידוע</QtyInPackage>
      <ItemPrice>6.90</ItemPrice>
      <UnitOfMeasurePrice>0.03</UnitOfMeasurePrice>
      <AllowDiscount>1</AllowDiscount>
      <ItemStatus/>
    </Item>
    <Item>
      <PriceUpdateTime>2025-07-29T11:19:22.000</PriceUpdateTime>
      <ItemCode>7290002881254</ItemCode>
      <LastSaleDateTime>2026-01-28T12:50:04.000</LastSaleDateTime>
      <ItemType>1</ItemType>
      <ItemName>קוקטייל טרופי 460 גר</ItemName>
      <ManufactureName>תומר</ManufactureName>
      <ManufactureCountry>לא ידוע</ManufactureCountry>
      <ManufactureItemDescription>קוקטייל טרופי 460 גר</ManufactureItemDescription>
      <UnitQty>גרם</UnitQty>
      <Quantity>460.00</Quantity>
      <UnitOfMeasure>100 גרם</UnitOfMeasure>
      <bIsWeighted>0</bIsWeighted>
      <QtyInPackage>לא ידוע</QtyInPackage>
      <ItemPrice>9.90</ItemPrice>
      <UnitOfMeasurePrice>2.15</UnitOfMeasurePrice>
      <AllowDiscount>1</AllowDiscount>
      <ItemStatus/>
    </Item>
    <Item>
      <PriceUpdateTime>2025-07-30T10:42:57.000</PriceUpdateTime>
      <ItemCode>7290013117243</ItemCode>
      <LastSaleDateTime>2026-01-22T19:34:05.000</LastSaleDateTime>
      <ItemType>1</ItemType>
      <ItemName>בורקס פילו בולגרית מ</ItemName>
      <ManufactureName>מעדנות</ManufactureName>
      <ManufactureCountry>ישראל</ManufactureCountry>
      <ManufactureItemDescription>בורקס פילו בולגרית 600 גר</ManufactureItemDescription>
      <UnitQty>גרם</UnitQty>
      <Quantity>600.00</Quantity>
      <UnitOfMeasure>100 גרם</UnitOfMeasure>
      <bIsWeighted>0</bIsWeighted>
      <QtyInPackage>לא ידוע</QtyInPackage>
      <ItemPrice>19.90</ItemPrice>
      <UnitOfMeasurePrice>3.32</UnitOfMeasurePrice>
      <AllowDiscount>1</AllowDiscount>
      <ItemStatus/>
    </Item>
    <Item>
      <PriceUpdateTime>2025-07-31T09:33:34.000</PriceUpdateTime>
      <ItemCode>82184090473</ItemCode>
      <LastSaleDateTime>2026-01-29T11:56:02.000</LastSaleDateTime>
      <ItemType>1</ItemType>
      <ItemName>וויסקי גק דניאלס 700</ItemName>
      <ManufactureName>לא ידוע</ManufactureName>
      <ManufactureCountry>לא ידוע</ManufactureCountry>
      <ManufactureItemDescription>וויסקי גק דניאלס 700</ManufactureItemDescription>
      <UnitQty>מטרים</UnitQty>
      <Quantity>700.00</Quantity>
      <UnitOfMeasure>100 מ'ל</UnitOfMeasure>
      <bIsWeighted>0</bIsWeighted>
      <QtyInPackage>לא ידוע</QtyInPackage>
      <ItemPrice>109.90</ItemPrice>
      <UnitOfMeasurePrice>0.16</UnitOfMeasurePrice>
      <AllowDiscount>1</AllowDiscount>
      <ItemStatus/>
    </Item>
    <Item>
      <PriceUpdateTime>2025-07-31T09:33:34.000</PriceUpdateTime>
      <ItemCode>5099873001370</ItemCode>
      <LastSaleDateTime>2026-01-22T09:32:41.000</LastSaleDateTime>
      <ItemType>1</ItemType>
      <ItemName>ג'ק דניאלס דבש 700 מ</ItemName>
      <ManufactureName>לא ידוע</ManufactureName>
      <ManufactureCountry>לא ידוע</ManufactureCountry>
      <ManufactureItemDescription>ג'ק דניאלס דבש 700 מ</ManufactureItemDescription>
      <UnitQty>מטרים</UnitQty>
      <Quantity>700.00</Quantity>
      <UnitOfMeasure>100 מ'ל</UnitOfMeasure>
      <bIsWeighted>0</bIsWeighted>
      <QtyInPackage>לא ידוע</QtyInPackage>
      <ItemPrice>109.90</ItemPrice>
      <UnitOfMeasurePrice>0.16</UnitOfMeasurePrice>
      <AllowDiscount>1</AllowDiscount>
      <ItemStatus/>
    </Item>
    <Item>
      <PriceUpdateTime>2025-07-31T10:20:53.000</PriceUpdateTime>
      <ItemCode>7290005424403</ItemCode>
      <LastSaleDateTime>2026-01-22T11:29:13.000</LastSaleDateTime>
      <ItemType>1</ItemType>
      <ItemName>אל סבון נוזלי בניחוח</ItemName>
      <ManufactureName>כיף</ManufactureName>
      <ManufactureCountry>לא ידוע</ManufactureCountry>
      <ManufactureItemDescription>אל סבון נוזלי בניחוח</ManufactureItemDescription>
      <UnitQty>ליטר</UnitQty>
      <Quantity>1.00</Quantity>
      <UnitOfMeasure>ליטר    </UnitOfMeasure>
      <bIsWeighted>0</bIsWeighted>
      <QtyInPackage>לא ידוע</QtyInPackage>
      <ItemPrice>9.90</ItemPrice>
      <UnitOfMeasurePrice>9.90</UnitOfMeasurePrice>
      <AllowDiscount>1</AllowDiscount>
      <ItemStatus/>
    </Item>
    <Item>
      <PriceUpdateTime>2025-07-31T14:15:01.000</PriceUpdateTime>
      <ItemCode>5000277001255</ItemCode>
      <LastSaleDateTime>2015-01-01T00:00:00.000</LastSaleDateTime>
      <ItemType>1</ItemType>
      <ItemName>דיוארס וויט לייבל וו</ItemName>
      <ManufactureName>לא ידוע</ManufactureName>
      <ManufactureCountry>לא ידוע</ManufactureCountry>
      <ManufactureItemDescription>דיוארס וויט לייבל וו</ManufactureItemDescription>
      <UnitQty>מטרים</UnitQty>
      <Quantity>1000.00</Quantity>
      <UnitOfMeasure>100 מ'ל</UnitOfMeasure>
      <bIsWeighted>0</bIsWeighted>
      <QtyInPackage>לא ידוע</QtyInPackage>
      <ItemPrice>99.90</ItemPrice>
      <UnitOfMeasurePrice>0.10</UnitOfMeasurePrice>
      <AllowDiscount>1</AllowDiscount>
      <ItemStatus>2</ItemStatus>
    </Item>
    <Item>
      <PriceUpdateTime>2025-07-31T14:15:01.000</PriceUpdateTime>
      <ItemCode>5000277001255</ItemCode>
      <LastSaleDateTime>2015-01-01T00:00:00.000</LastSaleDateTime>
      <ItemType>1</ItemType>
      <ItemName>דיוארס וויט לייבל וו</ItemName>
      <ManufactureName>לא ידוע</ManufactureName>
      <ManufactureCountry>לא ידוע</ManufactureCountry>
      <ManufactureItemDescription>דיוארס וויט לייבל וו</ManufactureItemDescription>
      <UnitQty>מטרים</UnitQty>
      <Quantity>1000.00</Quantity>
      <UnitOfMeasure>100 מ'ל</UnitOfMeasure>
      <bIsWeighted>0</bIsWeighted>
      <QtyInPackage>לא ידוע</QtyInPackage>
      <ItemPrice>99.90</ItemPrice>
      <UnitOfMeasurePrice>0.10</UnitOfMeasurePrice>
      <AllowDiscount>1</AllowDiscount>
      <ItemStatus/>
    </Item>
    <Item>
      <PriceUpdateTime>2025-07-31T14:15:01.000</PriceUpdateTime>
      <ItemCode>7290005020353</ItemCode>
      <LastSaleDateTime>2015-01-01T00:00:00.000</LastSaleDateTime>
      <ItemType>1</ItemType>
      <ItemName>בקרדי לבן 1 ליטר</ItemName>
      <ManufactureName>לא ידוע</ManufactureName>
      <ManufactureCountry>לא ידוע</ManufactureCountry>
      <ManufactureItemDescription>בקרדי לבן 1 ליטר</ManufactureItemDescription>
      <UnitQty>ליטר</UnitQty>
      <Quantity>1.00</Quantity>
      <UnitOfMeasure>ליטר    </UnitOfMeasure>
      <bIsWeighted>0</bIsWeighted>
      <QtyInPackage>לא ידוע</QtyInPackage>
      <ItemPrice>129.90</ItemPrice>
      <UnitOfMeasurePrice>129.90</UnitOfMeasurePrice>
      <AllowDiscount>1</AllowDiscount>
      <ItemStatus>2</ItemStatus>
    </Item>
    <Item>
      <PriceUpdateTime>2025-07-31T14:15:01.000</PriceUpdateTime>
      <ItemCode>7290005020353</ItemCode>
      <LastSaleDateTime>2015-01-01T00:00:00.000</LastSaleDateTime>
      <ItemType>1</ItemType>
      <ItemName>בקרדי לבן 1 ליטר</ItemName>
      <ManufactureName>לא ידוע</ManufactureName>
      <ManufactureCountry>לא ידוע</ManufactureCountry>
      <ManufactureItemDescription>בקרדי לבן 1 ליטר</ManufactureItemDescription>
      <UnitQty>ליטר</UnitQty>
      <Quantity>1.00</Quantity>
      <UnitOfMeasure>ליטר    </UnitOfMeasure>
      <bIsWeighted>0</bIsWeighted>
      <QtyInPackage>לא ידוע</QtyInPackage>
      <ItemPrice>129.90</ItemPrice>
      <UnitOfMeasurePrice>129.90</UnitOfMeasurePrice>
      <AllowDiscount>1</AllowDiscount>
      <ItemStatus/>
    </Item>
    <Item>
      <PriceUpdateTime>2025-07-31T14:15:01.000</PriceUpdateTime>
      <ItemCode>9421012620016</ItemCode>
      <LastSaleDateTime>2015-01-01T00:00:00.000</LastSaleDateTime>
      <ItemType>1</ItemType>
      <ItemName>בילואו 1 ליטר</ItemName>
      <ManufactureName>לא ידוע</ManufactureName>
      <ManufactureCountry>לא ידוע</ManufactureCountry>
      <ManufactureItemDescription>בילואו 1 ליטר</ManufactureItemDescription>
      <UnitQty>מטרים</UnitQty>
      <Quantity>1000.00</Quantity>
      <UnitOfMeasure>100 מ'ל</UnitOfMeasure>
      <bIsWeighted>0</bIsWeighted>
      <QtyInPackage>לא ידוע</QtyInPackage>
      <ItemPrice>89.90</ItemPrice>
      <UnitOfMeasurePrice>0.09</UnitOfMeasurePrice>
      <AllowDiscount>1</AllowDiscount>
      <ItemStatus>2</ItemStatus>
    </Item>
    <Item>
      <PriceUpdateTime>2025-07-31T14:15:01.000</PriceUpdateTime>
      <ItemCode>9421012620016</ItemCode>
      <LastSaleDateTime>2015-01-01T00:00:00.000</LastSaleDateTime>
      <ItemType>1</ItemType>
      <ItemName>בילואו 1 ליטר</ItemName>
      <ManufactureName>לא ידוע</ManufactureName>
      <ManufactureCountry>לא ידוע</ManufactureCountry>
      <ManufactureItemDescription>בילואו 1 ליטר</ManufactureItemDescription>
      <UnitQty>מטרים</UnitQty>
      <Quantity>1000.00</Quantity>
      <UnitOfMeasure>100 מ'ל</UnitOfMeasure>
      <bIsWeighted>0</bIsWeighted>
      <QtyInPackage>לא ידוע</QtyInPackage>
      <ItemPrice>89.90</ItemPrice>
      <UnitOfMeasurePrice>0.09</UnitOfMeasurePrice>
      <AllowDiscount>1</AllowDiscount>
      <ItemStatus/>
    </Item>
    <Item>
      <PriceUpdateTime>2025-08-04T14:24:10.000</PriceUpdateTime>
      <ItemCode>7290012245336</ItemCode>
      <LastSaleDateTime>2026-01-22T20:32:19.000</LastSaleDateTime>
      <ItemType>1</ItemType>
      <ItemName>גולד סטייק ציפס 1.5</ItemName>
      <ManufactureName>לא ידוע</ManufactureName>
      <ManufactureCountry>לא ידוע</ManufactureCountry>
      <ManufactureItemDescription>גולד סטייק ציפס 1.5</ManufactureItemDescription>
      <UnitQty>לא ידוע</UnitQty>
      <Quantity>1.50</Quantity>
      <UnitOfMeasure>יח'</UnitOfMeasure>
      <bIsWeighted>0</bIsWeighted>
      <QtyInPackage>לא ידוע</QtyInPackage>
      <ItemPrice>19.90</ItemPrice>
      <UnitOfMeasurePrice>13.27</UnitOfMeasurePrice>
      <AllowDiscount>1</AllowDiscount>
      <ItemStatus/>
    </Item>
    <Item>
      <PriceUpdateTime>2025-08-04T14:37:03.000</PriceUpdateTime>
      <ItemCode>8700216704694</ItemCode>
      <LastSaleDateTime>2026-01-22T18:37:59.000</LastSaleDateTime>
      <ItemType>1</ItemType>
      <ItemName>לנור כדוריות הבושם ב</ItemName>
      <ManufactureName>לא ידוע</ManufactureName>
      <ManufactureCountry>לא ידוע</ManufactureCountry>
      <ManufactureItemDescription>לנור כדוריות הבושם ב</ManufactureItemDescription>
      <UnitQty>לא ידוע</UnitQty>
      <Quantity>495.00</Quantity>
      <UnitOfMeasure>100 מ"ל</UnitOfMeasure>
      <bIsWeighted>0</bIsWeighted>
      <QtyInPackage>לא ידוע</QtyInPackage>
      <ItemPrice>57.90</ItemPrice>
      <UnitOfMeasurePrice>0.12</UnitOfMeasurePrice>
      <AllowDiscount>1</AllowDiscount>
      <ItemStatus/>
    </Item>
    <Item>
      <PriceUpdateTime>2025-08-04T14:37:07.000</PriceUpdateTime>
      <ItemCode>8718951144064</ItemCode>
      <LastSaleDateTime>2026-01-29T15:31:45.000</LastSaleDateTime>
      <ItemType>1</ItemType>
      <ItemName>מרידול מברשת שיניים</ItemName>
      <ManufactureName>לא ידוע</ManufactureName>
      <ManufactureCountry>לא ידוע</ManufactureCountry>
      <ManufactureItemDescription>מרידול מברשת שיניים</ManufactureItemDescription>
      <UnitQty>לא ידוע</UnitQty>
      <Quantity>1.00</Quantity>
      <UnitOfMeasure>יח'</UnitOfMeasure>
      <bIsWeighted>0</bIsWeighted>
      <QtyInPackage>לא ידוע</QtyInPackage>
      <ItemPrice>24.90</ItemPrice>
      <UnitOfMeasurePrice>24.90</UnitOfMeasurePrice>
      <AllowDiscount>1</AllowDiscount>
      <ItemStatus/>
    </Item>
    <Item>
      <PriceUpdateTime>2025-08-04T15:37:03.000</PriceUpdateTime>
      <ItemCode>7290000558403</ItemCode>
      <LastSaleDateTime>2026-01-22T10:31:04.000</LastSaleDateTime>
      <ItemType>1</ItemType>
      <ItemName>מילתא חדתא אבות בכרך</ItemName>
      <ManufactureName>לא ידוע</ManufactureName>
      <ManufactureCountry>לא ידוע</ManufactureCountry>
      <ManufactureItemDescription>מילתא חדתא אבות בכרך</ManufactureItemDescription>
      <UnitQty>לא ידוע</UnitQty>
      <Quantity>1.00</Quantity>
      <UnitOfMeasure>יח'</UnitOfMeasure>
      <bIsWeighted>0</bIsWeighted>
      <QtyInPackage>לא ידוע</QtyInPackage>
      <ItemPrice>49.00</ItemPrice>
      <UnitOfMeasurePrice>49.00</UnitOfMeasurePrice>
      <AllowDiscount>1</AllowDiscount>
      <ItemStatus/>
    </Item>
    <Item>
      <PriceUpdateTime>2025-08-05T07:51:43.000</PriceUpdateTime>
      <ItemCode>7290002881230</ItemCode>
      <LastSaleDateTime>2026-01-29T13:17:46.000</LastSaleDateTime>
      <ItemType>1</ItemType>
      <ItemName>אננס חתוך תומר 430גר</ItemName>
      <ManufactureName>תומר</ManufactureName>
      <ManufactureCountry>לא ידוע</ManufactureCountry>
      <ManufactureItemDescription>אננס חתוך תומר 430גר</ManufactureItemDescription>
      <UnitQty>גרם</UnitQty>
      <Quantity>430.00</Quantity>
      <UnitOfMeasure>100 גרם</UnitOfMeasure>
      <bIsWeighted>0</bIsWeighted>
      <QtyInPackage>לא ידוע</QtyInPackage>
      <ItemPrice>9.90</ItemPrice>
      <UnitOfMeasurePrice>2.30</UnitOfMeasurePrice>
      <AllowDiscount>1</AllowDiscount>
      <ItemStatus/>
    </Item>
    <Item>
      <PriceUpdateTime>2025-08-05T09:39:16.000</PriceUpdateTime>
      <ItemCode>7350041950141</ItemCode>
      <LastSaleDateTime>2015-01-01T00:00:00.000</LastSaleDateTime>
      <ItemType>1</ItemType>
      <ItemName>הרינג ליקר שרי 1 ליט</ItemName>
      <ManufactureName>לא ידוע</ManufactureName>
      <ManufactureCountry>לא ידוע</ManufactureCountry>
      <ManufactureItemDescription>הרינג ליקר שרי 1 ליט</ManufactureItemDescription>
      <UnitQty>מטרים</UnitQty>
      <Quantity>1000.00</Quantity>
      <UnitOfMeasure>100 מ'ל</UnitOfMeasure>
      <bIsWeighted>0</bIsWeighted>
      <QtyInPackage>לא ידוע</QtyInPackage>
      <ItemPrice>119.90</ItemPrice>
      <UnitOfMeasurePrice>0.12</UnitOfMeasurePrice>
      <AllowDiscount>1</AllowDiscount>
      <ItemStatus>2</ItemStatus>
    </Item>
    <Item>
      <PriceUpdateTime>2025-08-05T09:39:16.000</PriceUpdateTime>
      <ItemCode>7350041950141</ItemCode>
      <LastSaleDateTime>2015-01-01T00:00:00.000</LastSaleDateTime>
      <ItemType>1</ItemType>
      <ItemName>הרינג ליקר שרי 1 ליט</ItemName>
      <ManufactureName>לא ידוע</ManufactureName>
      <ManufactureCountry>לא ידוע</ManufactureCountry>
      <ManufactureItemDescription>הרינג ליקר שרי 1 ליט</ManufactureItemDescription>
      <UnitQty>מטרים</UnitQty>
      <Quantity>1000.00</Quantity>
      <UnitOfMeasure>100 מ'ל</UnitOfMeasure>
      <bIsWeighted>0</bIsWeighted>
      <QtyInPackage>לא ידוע</QtyInPackage>
      <ItemPrice>119.90</ItemPrice>
      <UnitOfMeasurePrice>0.12</UnitOfMeasurePrice>
      <AllowDiscount>1</AllowDiscount>
      <ItemStatus/>
    </Item>
    <Item>
      <PriceUpdateTime>2025-08-06T10:47:00.000</PriceUpdateTime>
      <ItemCode>7290121042635</ItemCode>
      <LastSaleDateTime>2026-01-22T18:25:39.000</LastSaleDateTime>
      <ItemType>1</ItemType>
      <ItemName>קערית מלמין 15סמ משב</ItemName>
      <ManufactureName>לא ידוע</ManufactureName>
      <ManufactureCountry>לא ידוע</ManufactureCountry>
      <ManufactureItemDescription>קערית מלמין 15סמ משב</ManufactureItemDescription>
      <UnitQty>יחידות</UnitQty>
      <Quantity>0.00</Quantity>
      <UnitOfMeasure>יחידה   </UnitOfMeasure>
      <bIsWeighted>0</bIsWeighted>
      <QtyInPackage>לא ידוע</QtyInPackage>
      <ItemPrice>7.90</ItemPrice>
      <UnitOfMeasurePrice>0.00</UnitOfMeasurePrice>
      <AllowDiscount>1</AllowDiscount>
      <ItemStatus/>
    </Item>
    <Item>
      <PriceUpdateTime>2025-08-06T10:47:00.000</PriceUpdateTime>
      <ItemCode>7290121042666</ItemCode>
      <LastSaleDateTime>2026-01-28T19:37:09.000</LastSaleDateTime>
      <ItemType>1</ItemType>
      <ItemName>צלחת מלמין 10" סופרמ</ItemName>
      <ManufactureName>לא ידוע</ManufactureName>
      <ManufactureCountry>לא ידוע</ManufactureCountry>
      <ManufactureItemDescription>צלחת מלמין 10" סופרמ</ManufactureItemDescription>
      <UnitQty>יחידות</UnitQty>
      <Quantity>0.00</Quantity>
      <UnitOfMeasure>יחידה   </UnitOfMeasure>
      <bIsWeighted>0</bIsWeighted>
      <QtyInPackage>לא ידוע</QtyInPackage>
      <ItemPrice>8.90</ItemPrice>
      <UnitOfMeasurePrice>0.00</UnitOfMeasurePrice>
      <AllowDiscount>1</AllowDiscount>
      <ItemStatus/>
    </Item>
    <Item>
      <PriceUpdateTime>2025-08-06T10:47:00.000</PriceUpdateTime>
      <ItemCode>7290121042680</ItemCode>
      <LastSaleDateTime>2026-01-28T19:37:09.000</LastSaleDateTime>
      <ItemType>1</ItemType>
      <ItemName>כוס מלמין 16OZ סופרמ</ItemName>
      <ManufactureName>לא ידוע</ManufactureName>
      <ManufactureCountry>לא ידוע</ManufactureCountry>
      <ManufactureItemDescription>כוס מלמין 16OZ סופרמ</ManufactureItemDescription>
      <UnitQty>יחידות</UnitQty>
      <Quantity>0.00</Quantity>
      <UnitOfMeasure>יחידה   </UnitOfMeasure>
      <bIsWeighted>0</bIsWeighted>
      <QtyInPackage>לא ידוע</QtyInPackage>
      <ItemPrice>7.90</ItemPrice>
      <UnitOfMeasurePrice>0.00</UnitOfMeasurePrice>
      <AllowDiscount>1</AllowDiscount>
      <ItemStatus/>
    </Item>
    <Item>
      <PriceUpdateTime>2025-08-06T10:47:00.000</PriceUpdateTime>
      <ItemCode>7290121042710</ItemCode>
      <LastSaleDateTime>2026-01-22T18:25:39.000</LastSaleDateTime>
      <ItemType>1</ItemType>
      <ItemName>קערית מלמין 15סמ סופ</ItemName>
      <ManufactureName>לא ידוע</ManufactureName>
      <ManufactureCountry>לא ידוע</ManufactureCountry>
      <ManufactureItemDescription>קערית מלמין 15סמ סופ</ManufactureItemDescription>
      <UnitQty>יחידות</UnitQty>
      <Quantity>0.00</Quantity>
      <UnitOfMeasure>יחידה   </UnitOfMeasure>
      <bIsWeighted>0</bIsWeighted>
      <QtyInPackage>לא ידוע</QtyInPackage>
      <ItemPrice>7.90</ItemPrice>
      <UnitOfMeasurePrice>0.00</UnitOfMeasurePrice>
      <AllowDiscount>1</AllowDiscount>
      <ItemStatus/>
    </Item>
    <Item>
      <PriceUpdateTime>2025-08-06T10:47:00.000</PriceUpdateTime>
      <ItemCode>7290121042727</ItemCode>
      <LastSaleDateTime>2026-01-22T21:56:39.000</LastSaleDateTime>
      <ItemType>1</ItemType>
      <ItemName>כוס מלמין 16OZ סופרמ</ItemName>
      <ManufactureName>לא ידוע</ManufactureName>
      <ManufactureCountry>לא ידוע</ManufactureCountry>
      <ManufactureItemDescription>כוס מלמין 16OZ סופרמ</ManufactureItemDescription>
      <UnitQty>יחידות</UnitQty>
      <Quantity>0.00</Quantity>
      <UnitOfMeasure>יחידה   </UnitOfMeasure>
      <bIsWeighted>0</bIsWeighted>
      <QtyInPackage>לא ידוע</QtyInPackage>
      <ItemPrice>7.90</ItemPrice>
      <UnitOfMeasurePrice>0.00</UnitOfMeasurePrice>
      <AllowDiscount>1</AllowDiscount>
      <ItemStatus/>
    </Item>
    <Item>
      <PriceUpdateTime>2025-08-06T10:48:05.000</PriceUpdateTime>
      <ItemCode>7290003208531</ItemCode>
      <LastSaleDateTime>2026-01-26T16:57:24.000</LastSaleDateTime>
      <ItemType>1</ItemType>
      <ItemName>וויסקי קינג רוברט 70</ItemName>
      <ManufactureName>לא ידוע</ManufactureName>
      <ManufactureCountry>לא ידוע</ManufactureCountry>
      <ManufactureItemDescription>וויסקי קינג רוברט 70</ManufactureItemDescription>
      <UnitQty>לא ידוע</UnitQty>
      <Quantity>700.00</Quantity>
      <UnitOfMeasure>100 מ"ל</UnitOfMeasure>
      <bIsWeighted>0</bIsWeighted>
      <QtyInPackage>לא ידוע</QtyInPackage>
      <ItemPrice>72.90</ItemPrice>
      <UnitOfMeasurePrice>0.10</UnitOfMeasurePrice>
      <AllowDiscount>1</AllowDiscount>
      <ItemStatus/>
    </Item>
    <Item>
      <PriceUpdateTime>2025-08-06T13:20:27.000</PriceUpdateTime>
      <ItemCode>7290000297286</ItemCode>
      <LastSaleDateTime>2026-01-22T18:30:59.000</LastSaleDateTime>
      <ItemType>1</ItemType>
      <ItemName>קמיל בלו אל סבון מוע</ItemName>
      <ManufactureName>לא ידוע</ManufactureName>
      <ManufactureCountry>לא ידוע</ManufactureCountry>
      <ManufactureItemDescription>קמיל בלו אל סבון מוע</ManufactureItemDescription>
      <UnitQty>לא ידוע</UnitQty>
      <Quantity>750.00</Quantity>
      <UnitOfMeasure>100 מ"ל</UnitOfMeasure>
      <bIsWeighted>0</bIsWeighted>
      <QtyInPackage>לא ידוע</QtyInPackage>
      <ItemPrice>26.70</ItemPrice>
      <UnitOfMeasurePrice>0.04</UnitOfMeasurePrice>
      <AllowDiscount>1</AllowDiscount>
      <ItemStatus/>
    </Item>
    <Item>
      <PriceUpdateTime>2025-08-07T08:06:00.000</PriceUpdateTime>
      <ItemCode>7290016272055</ItemCode>
      <LastSaleDateTime>2026-01-29T20:22:49.000</LastSaleDateTime>
      <ItemType>1</ItemType>
      <ItemName>טבעות מושחר 275 גר</ItemName>
      <ManufactureName>לא ידוע</ManufactureName>
      <ManufactureCountry>לא ידוע</ManufactureCountry>
      <ManufactureItemDescription>טבעות מושחר 275 גר</ManufactureItemDescription>
      <UnitQty>גרם</UnitQty>
      <Quantity>275.00</Quantity>
      <UnitOfMeasure>100 גרם</UnitOfMeasure>
      <bIsWeighted>0</bIsWeighted>
      <QtyInPackage>לא ידוע</QtyInPackage>
      <ItemPrice>11.90</ItemPrice>
      <UnitOfMeasurePrice>4.33</UnitOfMeasurePrice>
      <AllowDiscount>1</AllowDiscount>
      <ItemStatus/>
    </Item>
    <Item>
      <PriceUpdateTime>2025-08-07T08:06:08.000</PriceUpdateTime>
      <ItemCode>7290013608635</ItemCode>
      <LastSaleDateTime>2026-01-22T11:54:52.000</LastSaleDateTime>
      <ItemType>1</ItemType>
      <ItemName>פרימור משקה לימונים</ItemName>
      <ManufactureName>דיפלומט</ManufactureName>
      <ManufactureCountry>לא ידוע</ManufactureCountry>
      <ManufactureItemDescription>פרימור משקה לימונים</ManufactureItemDescription>
      <UnitQty>ליטר</UnitQty>
      <Quantity>1.00</Quantity>
      <UnitOfMeasure>ליטר    </UnitOfMeasure>
      <bIsWeighted>0</bIsWeighted>
      <QtyInPackage>לא ידוע</QtyInPackage>
      <ItemPrice>6.50</ItemPrice>
      <UnitOfMeasurePrice>6.50</UnitOfMeasurePrice>
      <AllowDiscount>1</AllowDiscount>
      <ItemStatus/>
    </Item>
    <Item>
      <PriceUpdateTime>2025-08-07T12:35:23.000</PriceUpdateTime>
      <ItemCode>7290108354089</ItemCode>
      <LastSaleDateTime>2026-01-28T13:44:36.000</LastSaleDateTime>
      <ItemType>1</ItemType>
      <ItemName>מבשם ומרכך למייבש הכ</ItemName>
      <ManufactureName>לא ידוע</ManufactureName>
      <ManufactureCountry>לא ידוע</ManufactureCountry>
      <ManufactureItemDescription>מבשם ומרכך למייבש הכ</ManufactureItemDescription>
      <UnitQty>לא ידוע</UnitQty>
      <Quantity>750.00</Quantity>
      <UnitOfMeasure>100 מ"ל</UnitOfMeasure>
      <bIsWeighted>0</bIsWeighted>
      <QtyInPackage>לא ידוע</QtyInPackage>
      <ItemPrice>15.90</ItemPrice>
      <UnitOfMeasurePrice>0.02</UnitOfMeasurePrice>
      <AllowDiscount>1</AllowDiscount>
      <ItemStatus/>
    </Item>
    <Item>
      <PriceUpdateTime>2025-08-07T15:21:45.000</PriceUpdateTime>
      <ItemCode>7290018394335</ItemCode>
      <LastSaleDateTime>2026-01-28T22:12:07.000</LastSaleDateTime>
      <ItemType>1</ItemType>
      <ItemName>בייבי ברוקולי חוות ת</ItemName>
      <ManufactureName>לא ידוע</ManufactureName>
      <ManufactureCountry>לא ידוע</ManufactureCountry>
      <ManufactureItemDescription>בייבי ברוקולי חוות ת</ManufactureItemDescription>
      <UnitQty>לא ידוע</UnitQty>
      <Quantity>1.00</Quantity>
      <UnitOfMeasure>יח'</UnitOfMeasure>
      <bIsWeighted>0</bIsWeighted>
      <QtyInPackage>לא ידוע</QtyInPackage>
      <ItemPrice>11.90</ItemPrice>
      <UnitOfMeasurePrice>11.90</UnitOfMeasurePrice>
      <AllowDiscount>1</AllowDiscount>
      <ItemStatus/>
    </Item>
    <Item>
      <PriceUpdateTime>2025-08-07T15:21:53.000</PriceUpdateTime>
      <ItemCode>7290004846312</ItemCode>
      <LastSaleDateTime>2026-01-28T16:35:36.000</LastSaleDateTime>
      <ItemType>1</ItemType>
      <ItemName>טבעות עגל ארוז חלק ו</ItemName>
      <ManufactureName>לא ידוע</ManufactureName>
      <ManufactureCountry>לא ידוע</ManufactureCountry>
      <ManufactureItemDescription>טבעות עגל ארוז חלק ו</ManufactureItemDescription>
      <UnitQty>קילוגרם</UnitQty>
      <Quantity>1.00</Quantity>
      <UnitOfMeasure>ק"ג     </UnitOfMeasure>
      <bIsWeighted>1</bIsWeighted>
      <QtyInPackage>לא ידוע</QtyInPackage>
      <ItemPrice>49.90</ItemPrice>
      <UnitOfMeasurePrice>49.90</UnitOfMeasurePrice>
      <AllowDiscount>1</AllowDiscount>
      <ItemStatus/>
    </Item>
    <Item>
      <PriceUpdateTime>2025-08-10T09:40:47.000</PriceUpdateTime>
      <ItemCode>4750142005000</ItemCode>
      <LastSaleDateTime>2015-01-01T00:00:00.000</LastSaleDateTime>
      <ItemType>1</ItemType>
      <ItemName>בירה צ'סו כהה</ItemName>
      <ManufactureName>לא ידוע</ManufactureName>
      <ManufactureCountry>לא ידוע</ManufactureCountry>
      <ManufactureItemDescription>בירה צ'סו כהה</ManufactureItemDescription>
      <UnitQty>לא ידוע</UnitQty>
      <Quantity>568.00</Quantity>
      <UnitOfMeasure>100 מ"ל</UnitOfMeasure>
      <bIsWeighted>0</bIsWeighted>
      <QtyInPackage>לא ידוע</QtyInPackage>
      <ItemPrice>9.90</ItemPrice>
      <UnitOfMeasurePrice>0.02</UnitOfMeasurePrice>
      <AllowDiscount>1</AllowDiscount>
      <ItemStatus>2</ItemStatus>
    </Item>
    <Item>
      <PriceUpdateTime>2025-08-10T09:40:47.000</PriceUpdateTime>
      <ItemCode>4750142005000</ItemCode>
      <LastSaleDateTime>2015-01-01T00:00:00.000</LastSaleDateTime>
      <ItemType>1</ItemType>
      <ItemName>בירה צ'סו כהה</ItemName>
      <ManufactureName>לא ידוע</ManufactureName>
      <ManufactureCountry>לא ידוע</ManufactureCountry>
      <ManufactureItemDescription>בירה צ'סו כהה</ManufactureItemDescription>
      <UnitQty>לא ידוע</UnitQty>
      <Quantity>568.00</Quantity>
      <UnitOfMeasure>100 מ"ל</UnitOfMeasure>
      <bIsWeighted>0</bIsWeighted>
      <QtyInPackage>לא ידוע</QtyInPackage>
      <ItemPrice>9.90</ItemPrice>
      <UnitOfMeasurePrice>0.02</UnitOfMeasurePrice>
      <AllowDiscount>1</AllowDiscount>
      <ItemStatus/>
    </Item>
    <Item>
      <PriceUpdateTime>2025-08-10T09:40:48.000</PriceUpdateTime>
      <ItemCode>4750142016518</ItemCode>
      <LastSaleDateTime>2015-01-01T00:00:00.000</LastSaleDateTime>
      <ItemType>1</ItemType>
      <ItemName>בירה צ'סו לא מסונן</ItemName>
      <ManufactureName>לא ידוע</ManufactureName>
      <ManufactureCountry>לא ידוע</ManufactureCountry>
      <ManufactureItemDescription>בירה צ'סו לא מסונן</ManufactureItemDescription>
      <UnitQty>לא ידוע</UnitQty>
      <Quantity>500.00</Quantity>
      <UnitOfMeasure>100 מ"ל</UnitOfMeasure>
      <bIsWeighted>0</bIsWeighted>
      <QtyInPackage>לא ידוע</QtyInPackage>
      <ItemPrice>9.90</ItemPrice>
      <UnitOfMeasurePrice>0.02</UnitOfMeasurePrice>
      <AllowDiscount>1</AllowDiscount>
      <ItemStatus>2</ItemStatus>
    </Item>
    <Item>
      <PriceUpdateTime>2025-08-10T09:40:48.000</PriceUpdateTime>
      <ItemCode>4750142016518</ItemCode>
      <LastSaleDateTime>2015-01-01T00:00:00.000</LastSaleDateTime>
      <ItemType>1</ItemType>
      <ItemName>בירה צ'סו לא מסונן</ItemName>
      <ManufactureName>לא ידוע</ManufactureName>
      <ManufactureCountry>לא ידוע</ManufactureCountry>
      <ManufactureItemDescription>בירה צ'סו לא מסונן</ManufactureItemDescription>
      <UnitQty>לא ידוע</UnitQty>
      <Quantity>500.00</Quantity>
      <UnitOfMeasure>100 מ"ל</UnitOfMeasure>
      <bIsWeighted>0</bIsWeighted>
      <QtyInPackage>לא ידוע</QtyInPackage>
      <ItemPrice>9.90</ItemPrice>
      <UnitOfMeasurePrice>0.02</UnitOfMeasurePrice>
      <AllowDiscount>1</AllowDiscount>
      <ItemStatus/>
    </Item>
    <Item>
      <PriceUpdateTime>2025-08-10T09:40:48.000</PriceUpdateTime>
      <ItemCode>7290019398288</ItemCode>
      <LastSaleDateTime>2026-01-15T21:53:19.000</LastSaleDateTime>
      <ItemType>1</ItemType>
      <ItemName>סטלה ארטואה - בק' 33</ItemName>
      <ManufactureName>לא ידוע</ManufactureName>
      <ManufactureCountry>לא ידוע</ManufactureCountry>
      <ManufactureItemDescription>סטלה ארטואה - בק' 33</ManufactureItemDescription>
      <UnitQty>לא ידוע</UnitQty>
      <Quantity>330.00</Quantity>
      <UnitOfMeasure>100 מ"ל</UnitOfMeasure>
      <bIsWeighted>0</bIsWeighted>
      <QtyInPackage>לא ידוע</QtyInPackage>
      <ItemPrice>7.90</ItemPrice>
      <UnitOfMeasurePrice>0.02</UnitOfMeasurePrice>
      <AllowDiscount>1</AllowDiscount>
      <ItemStatus/>
    </Item>
    <Item>
      <PriceUpdateTime>2025-08-10T11:06:42.000</PriceUpdateTime>
      <ItemCode>7290019790952</ItemCode>
      <LastSaleDateTime>2026-01-28T16:09:42.000</LastSaleDateTime>
      <ItemType>1</ItemType>
      <ItemName>ברינזה כבשים 18% 250</ItemName>
      <ManufactureName>לא ידוע</ManufactureName>
      <ManufactureCountry>לא ידוע</ManufactureCountry>
      <ManufactureItemDescription>ברינזה כבשים 18% 250</ManufactureItemDescription>
      <UnitQty>גרם</UnitQty>
      <Quantity>250.00</Quantity>
      <UnitOfMeasure>100 גרם</UnitOfMeasure>
      <bIsWeighted>0</bIsWeighted>
      <QtyInPackage>לא ידוע</QtyInPackage>
      <ItemPrice>19.90</ItemPrice>
      <UnitOfMeasurePrice>7.96</UnitOfMeasurePrice>
      <AllowDiscount>1</AllowDiscount>
      <ItemStatus/>
    </Item>
    <Item>
      <PriceUpdateTime>2025-08-11T10:57:04.000</PriceUpdateTime>
      <ItemCode>7290013145024</ItemCode>
      <LastSaleDateTime>2026-01-29T08:28:55.000</LastSaleDateTime>
      <ItemType>1</ItemType>
      <ItemName>מיימונס אגוז מלך טחו</ItemName>
      <ManufactureName>מימונס</ManufactureName>
      <ManufactureCountry>ישראל</ManufactureCountry>
      <ManufactureItemDescription>אגוז מלך טחון</ManufactureItemDescription>
      <UnitQty>גרם</UnitQty>
      <Quantity>100.00</Quantity>
      <UnitOfMeasure>100 גרם</UnitOfMeasure>
      <bIsWeighted>0</bIsWeighted>
      <QtyInPackage>לא ידוע</QtyInPackage>
      <ItemPrice>12.90</ItemPrice>
      <UnitOfMeasurePrice>12.90</UnitOfMeasurePrice>
      <AllowDiscount>1</AllowDiscount>
      <ItemStatus/>
    </Item>
    <Item>
      <PriceUpdateTime>2025-08-12T07:43:00.000</PriceUpdateTime>
      <ItemCode>7290000293820</ItemCode>
      <LastSaleDateTime>2026-01-29T21:50:15.000</LastSaleDateTime>
      <ItemType>1</ItemType>
      <ItemName>שמפו וג'ל רחצה קרמה</ItemName>
      <ManufactureName>לא ידוע</ManufactureName>
      <ManufactureCountry>לא ידוע</ManufactureCountry>
      <ManufactureItemDescription>שמפו וג'ל רחצה קרמה</ManufactureItemDescription>
      <UnitQty>לא ידוע</UnitQty>
      <Quantity>700.00</Quantity>
      <UnitOfMeasure>100 מ"ל</UnitOfMeasure>
      <bIsWeighted>0</bIsWeighted>
      <QtyInPackage>לא ידוע</QtyInPackage>
      <ItemPrice>14.90</ItemPrice>
      <UnitOfMeasurePrice>0.02</UnitOfMeasurePrice>
      <AllowDiscount>1</AllowDiscount>
      <ItemStatus/>
    </Item>
    <Item>
      <PriceUpdateTime>2025-08-12T12:14:35.000</PriceUpdateTime>
      <ItemCode>7290109581101</ItemCode>
      <LastSaleDateTime>2026-01-22T17:47:00.000</LastSaleDateTime>
      <ItemType>1</ItemType>
      <ItemName>קבנוס פפרוני 135 גר</ItemName>
      <ManufactureName>לא ידוע</ManufactureName>
      <ManufactureCountry>לא ידוע</ManufactureCountry>
      <ManufactureItemDescription>קבנוס פפרוני 135 גר</ManufactureItemDescription>
      <UnitQty>גרם</UnitQty>
      <Quantity>135.00</Quantity>
      <UnitOfMeasure>100 גרם</UnitOfMeasure>
      <bIsWeighted>0</bIsWeighted>
      <QtyInPackage>לא ידוע</QtyInPackage>
      <ItemPrice>10.90</ItemPrice>
      <UnitOfMeasurePrice>8.07</UnitOfMeasurePrice>
      <AllowDiscount>1</AllowDiscount>
      <ItemStatus/>
    </Item>
    <Item>
      <PriceUpdateTime>2025-08-14T10:44:14.000</PriceUpdateTime>
      <ItemCode>7290100700020</ItemCode>
      <LastSaleDateTime>2026-01-28T17:05:40.000</LastSaleDateTime>
      <ItemType>1</ItemType>
      <ItemName>גריסי פנינה 500 גרם</ItemName>
      <ManufactureName>סוגת</ManufactureName>
      <ManufactureCountry>ישראל</ManufactureCountry>
      <ManufactureItemDescription>גריסי פנינה 500 גר</ManufactureItemDescription>
      <UnitQty>גרם</UnitQty>
      <Quantity>500.00</Quantity>
      <UnitOfMeasure>100 גרם</UnitOfMeasure>
      <bIsWeighted>0</bIsWeighted>
      <QtyInPackage>לא ידוע</QtyInPackage>
      <ItemPrice>6.30</ItemPrice>
      <UnitOfMeasurePrice>1.26</UnitOfMeasurePrice>
      <AllowDiscount>1</AllowDiscount>
      <ItemStatus/>
    </Item>
    <Item>
      <PriceUpdateTime>2025-08-17T07:51:55.000</PriceUpdateTime>
      <ItemCode>7290016682335</ItemCode>
      <LastSaleDateTime>2026-01-28T18:15:44.000</LastSaleDateTime>
      <ItemType>1</ItemType>
      <ItemName>מיץ תפוזים סחוט 2לי</ItemName>
      <ManufactureName>לא ידוע</ManufactureName>
      <ManufactureCountry>לא ידוע</ManufactureCountry>
      <ManufactureItemDescription>מיץ תפוזים סחוט 2לי</ManufactureItemDescription>
      <UnitQty>ליטר</UnitQty>
      <Quantity>2.00</Quantity>
      <UnitOfMeasure>ליטר    </UnitOfMeasure>
      <bIsWeighted>0</bIsWeighted>
      <QtyInPackage>לא ידוע</QtyInPackage>
      <ItemPrice>27.90</ItemPrice>
      <UnitOfMeasurePrice>13.95</UnitOfMeasurePrice>
      <AllowDiscount>1</AllowDiscount>
      <ItemStatus/>
    </Item>
    <Item>
      <PriceUpdateTime>2025-08-17T14:01:47.000</PriceUpdateTime>
      <ItemCode>5099873017623</ItemCode>
      <LastSaleDateTime>2026-01-15T17:12:22.000</LastSaleDateTime>
      <ItemType>1</ItemType>
      <ItemName>ג'ק דניאלס טנסי אפל</ItemName>
      <ManufactureName>לא ידוע</ManufactureName>
      <ManufactureCountry>לא ידוע</ManufactureCountry>
      <ManufactureItemDescription>ג'ק דניאלס טנסי אפל</ManufactureItemDescription>
      <UnitQty>לא ידוע</UnitQty>
      <Quantity>1.00</Quantity>
      <UnitOfMeasure>יח'</UnitOfMeasure>
      <bIsWeighted>0</bIsWeighted>
      <QtyInPackage>לא ידוע</QtyInPackage>
      <ItemPrice>109.90</ItemPrice>
      <UnitOfMeasurePrice>109.90</UnitOfMeasurePrice>
      <AllowDiscount>1</AllowDiscount>
      <ItemStatus/>
    </Item>
    <Item>
      <PriceUpdateTime>2025-08-18T18:16:52.000</PriceUpdateTime>
      <ItemCode>7290003208579</ItemCode>
      <LastSaleDateTime>2015-01-01T00:00:00.000</LastSaleDateTime>
      <ItemType>1</ItemType>
      <ItemName>גרייגוס וודקה 1 ליטר</ItemName>
      <ManufactureName>לא ידוע</ManufactureName>
      <ManufactureCountry>לא ידוע</ManufactureCountry>
      <ManufactureItemDescription>גרייגוס וודקה 1 ליטר</ManufactureItemDescription>
      <UnitQty>ליטר</UnitQty>
      <Quantity>1.00</Quantity>
      <UnitOfMeasure>ליטר    </UnitOfMeasure>
      <bIsWeighted>0</bIsWeighted>
      <QtyInPackage>לא ידוע</QtyInPackage>
      <ItemPrice>164.90</ItemPrice>
      <UnitOfMeasurePrice>164.90</UnitOfMeasurePrice>
      <AllowDiscount>1</AllowDiscount>
      <ItemStatus>2</ItemStatus>
    </Item>
    <Item>
      <PriceUpdateTime>2025-08-18T18:16:52.000</PriceUpdateTime>
      <ItemCode>7290003208579</ItemCode>
      <LastSaleDateTime>2015-01-01T00:00:00.000</LastSaleDateTime>
      <ItemType>1</ItemType>
      <ItemName>גרייגוס וודקה 1 ליטר</ItemName>
      <ManufactureName>לא ידוע</ManufactureName>
      <ManufactureCountry>לא ידוע</ManufactureCountry>
      <ManufactureItemDescription>גרייגוס וודקה 1 ליטר</ManufactureItemDescription>
      <UnitQty>ליטר</UnitQty>
      <Quantity>1.00</Quantity>
      <UnitOfMeasure>ליטר    </UnitOfMeasure>
      <bIsWeighted>0</bIsWeighted>
      <QtyInPackage>לא ידוע</QtyInPackage>
      <ItemPrice>164.90</ItemPrice>
      <UnitOfMeasurePrice>164.90</UnitOfMeasurePrice>
      <AllowDiscount>1</AllowDiscount>
      <ItemStatus/>
    </Item>
    <Item>
      <PriceUpdateTime>2025-08-18T18:18:15.000</PriceUpdateTime>
      <ItemCode>7290004120566</ItemCode>
      <LastSaleDateTime>2026-01-29T19:09:01.000</LastSaleDateTime>
      <ItemType>1</ItemType>
      <ItemName>בולגרית פיראוס 24% ש</ItemName>
      <ManufactureName>תנובה</ManufactureName>
      <ManufactureCountry>לא ידוע</ManufactureCountry>
      <ManufactureItemDescription>בולגרית פיראוס 24% ש</ManufactureItemDescription>
      <UnitQty>גרם</UnitQty>
      <Quantity>250.00</Quantity>
      <UnitOfMeasure>100 גרם</UnitOfMeasure>
      <bIsWeighted>0</bIsWeighted>
      <QtyInPackage>לא ידוע</QtyInPackage>
      <ItemPrice>24.50</ItemPrice>
      <UnitOfMeasurePrice>9.80</UnitOfMeasurePrice>
      <AllowDiscount>1</AllowDiscount>
      <ItemStatus/>
    </Item>
    <Item>
      <PriceUpdateTime>2025-08-18T18:18:16.000</PriceUpdateTime>
      <ItemCode>7290005431968</ItemCode>
      <LastSaleDateTime>2026-01-28T18:05:37.000</LastSaleDateTime>
      <ItemType>1</ItemType>
      <ItemName>קינוחי עדן מלבי שמנת</ItemName>
      <ManufactureName>לא ידוע</ManufactureName>
      <ManufactureCountry>לא ידוע</ManufactureCountry>
      <ManufactureItemDescription>קינוחי עדן מלבי שמנת</ManufactureItemDescription>
      <UnitQty>גרם</UnitQty>
      <Quantity>150.00</Quantity>
      <UnitOfMeasure>100 גרם</UnitOfMeasure>
      <bIsWeighted>0</bIsWeighted>
      <QtyInPackage>לא ידוע</QtyInPackage>
      <ItemPrice>8.00</ItemPrice>
      <UnitOfMeasurePrice>5.33</UnitOfMeasurePrice>
      <AllowDiscount>1</AllowDiscount>
      <ItemStatus/>
    </Item>
    <Item>
      <PriceUpdateTime>2025-08-18T18:18:16.000</PriceUpdateTime>
      <ItemCode>7290014762909</ItemCode>
      <LastSaleDateTime>2026-01-28T16:40:13.000</LastSaleDateTime>
      <ItemType>1</ItemType>
      <ItemName>מוצרלה מגורדת 22% שו</ItemName>
      <ManufactureName>תנובה</ManufactureName>
      <ManufactureCountry>ישראל</ManufactureCountry>
      <ManufactureItemDescription>מוצרלה מגורדת 22% שו</ManufactureItemDescription>
      <UnitQty>גרם</UnitQty>
      <Quantity>200.00</Quantity>
      <UnitOfMeasure>100 גרם</UnitOfMeasure>
      <bIsWeighted>0</bIsWeighted>
      <QtyInPackage>לא ידוע</QtyInPackage>
      <ItemPrice>17.30</ItemPrice>
      <UnitOfMeasurePrice>8.65</UnitOfMeasurePrice>
      <AllowDiscount>1</AllowDiscount>
      <ItemStatus/>
    </Item>
    <Item>
      <PriceUpdateTime>2025-08-18T18:18:16.000</PriceUpdateTime>
      <ItemCode>7290110324070</ItemCode>
      <LastSaleDateTime>2026-01-29T22:32:37.000</LastSaleDateTime>
      <ItemType>1</ItemType>
      <ItemName>גבינת חלומי פיראוס 3</ItemName>
      <ManufactureName>לא ידוע</ManufactureName>
      <ManufactureCountry>לא ידוע</ManufactureCountry>
      <ManufactureItemDescription>גבינת חלומי פיראוס 3</ManufactureItemDescription>
      <UnitQty>גרם</UnitQty>
      <Quantity>200.00</Quantity>
      <UnitOfMeasure>100 גרם</UnitOfMeasure>
      <bIsWeighted>0</bIsWeighted>
      <QtyInPackage>לא ידוע</QtyInPackage>
      <ItemPrice>21.50</ItemPrice>
      <UnitOfMeasurePrice>10.75</UnitOfMeasurePrice>
      <AllowDiscount>1</AllowDiscount>
      <ItemStatus/>
    </Item>
    <Item>
      <PriceUpdateTime>2025-08-18T18:18:16.000</PriceUpdateTime>
      <ItemCode>7290110324872</ItemCode>
      <LastSaleDateTime>2026-01-29T15:27:05.000</LastSaleDateTime>
      <ItemType>1</ItemType>
      <ItemName>גבינה צהובה גלבוע לי</ItemName>
      <ManufactureName>לא ידוע</ManufactureName>
      <ManufactureCountry>לא ידוע</ManufactureCountry>
      <ManufactureItemDescription>גבינה צהובה גלבוע לי</ManufactureItemDescription>
      <UnitQty>גרם</UnitQty>
      <Quantity>200.00</Quantity>
      <UnitOfMeasure>100 גרם</UnitOfMeasure>
      <bIsWeighted>0</bIsWeighted>
      <QtyInPackage>לא ידוע</QtyInPackage>
      <ItemPrice>19.30</ItemPrice>
      <UnitOfMeasurePrice>9.65</UnitOfMeasurePrice>
      <AllowDiscount>1</AllowDiscount>
      <ItemStatus/>
    </Item>
    <Item>
      <PriceUpdateTime>2025-08-18T18:18:17.000</PriceUpdateTime>
      <ItemCode>7290116932620</ItemCode>
      <LastSaleDateTime>2026-01-29T21:33:31.000</LastSaleDateTime>
      <ItemType>1</ItemType>
      <ItemName>יוגורט GO טבעי נטול</ItemName>
      <ManufactureName>לא ידוע</ManufactureName>
      <ManufactureCountry>לא ידוע</ManufactureCountry>
      <ManufactureItemDescription>יוגורט GO טבעי נטול</ManufactureItemDescription>
      <UnitQty>לא ידוע</UnitQty>
      <Quantity>200.00</Quantity>
      <UnitOfMeasure>100 מ"ל</UnitOfMeasure>
      <bIsWeighted>0</bIsWeighted>
      <QtyInPackage>לא ידוע</QtyInPackage>
      <ItemPrice>6.10</ItemPrice>
      <UnitOfMeasurePrice>0.03</UnitOfMeasurePrice>
      <AllowDiscount>1</AllowDiscount>
      <ItemStatus/>
    </Item>
    <Item>
      <PriceUpdateTime>2025-08-19T11:52:46.000</PriceUpdateTime>
      <ItemCode>7290008801089</ItemCode>
      <LastSaleDateTime>2015-01-01T00:00:00.000</LastSaleDateTime>
      <ItemType>1</ItemType>
      <ItemName>קברנה סובניון P.C</ItemName>
      <ManufactureName>לא ידוע</ManufactureName>
      <ManufactureCountry>לא ידוע</ManufactureCountry>
      <ManufactureItemDescription>קברנה סובניון P.C</ManufactureItemDescription>
      <UnitQty>גרם</UnitQty>
      <Quantity>375.00</Quantity>
      <UnitOfMeasure>100 גרם</UnitOfMeasure>
      <bIsWeighted>0</bIsWeighted>
      <QtyInPackage>לא ידוע</QtyInPackage>
      <ItemPrice>19.90</ItemPrice>
      <UnitOfMeasurePrice>5.31</UnitOfMeasurePrice>
      <AllowDiscount>1</AllowDiscount>
      <ItemStatus>2</ItemStatus>
    </Item>
    <Item>
      <PriceUpdateTime>2025-08-19T11:52:46.000</PriceUpdateTime>
      <ItemCode>7290008801089</ItemCode>
      <LastSaleDateTime>2015-01-01T00:00:00.000</LastSaleDateTime>
      <ItemType>1</ItemType>
      <ItemName>קברנה סובניון P.C</ItemName>
      <ManufactureName>לא ידוע</ManufactureName>
      <ManufactureCountry>לא ידוע</ManufactureCountry>
      <ManufactureItemDescription>קברנה סובניון P.C</ManufactureItemDescription>
      <UnitQty>גרם</UnitQty>
      <Quantity>375.00</Quantity>
      <UnitOfMeasure>100 גרם</UnitOfMeasure>
      <bIsWeighted>0</bIsWeighted>
      <QtyInPackage>לא ידוע</QtyInPackage>
      <ItemPrice>19.90</ItemPrice>
      <UnitOfMeasurePrice>5.31</UnitOfMeasurePrice>
      <AllowDiscount>1</AllowDiscount>
      <ItemStatus/>
    </Item>
    <Item>
      <PriceUpdateTime>2025-08-19T14:08:03.000</PriceUpdateTime>
      <ItemCode>80686000440</ItemCode>
      <LastSaleDateTime>2026-01-13T11:27:42.000</LastSaleDateTime>
      <ItemType>1</ItemType>
      <ItemName>ג'ים בים לבן כשר</ItemName>
      <ManufactureName>לא ידוע</ManufactureName>
      <ManufactureCountry>לא ידוע</ManufactureCountry>
      <ManufactureItemDescription>ג'ים בים לבן כשר</ManufactureItemDescription>
      <UnitQty>לא ידוע</UnitQty>
      <Quantity>700.00</Quantity>
      <UnitOfMeasure>100 מ"ל</UnitOfMeasure>
      <bIsWeighted>0</bIsWeighted>
      <QtyInPackage>לא ידוע</QtyInPackage>
      <ItemPrice>89.90</ItemPrice>
      <UnitOfMeasurePrice>0.13</UnitOfMeasurePrice>
      <AllowDiscount>1</AllowDiscount>
      <ItemStatus/>
    </Item>
    <Item>
      <PriceUpdateTime>2025-08-19T14:08:04.000</PriceUpdateTime>
      <ItemCode>5060045590190</ItemCode>
      <LastSaleDateTime>2026-01-28T09:43:58.000</LastSaleDateTime>
      <ItemType>1</ItemType>
      <ItemName>ג'ים בים דבש כשר</ItemName>
      <ManufactureName>לא ידוע</ManufactureName>
      <ManufactureCountry>לא ידוע</ManufactureCountry>
      <ManufactureItemDescription>ג'ים בים דבש כשר</ManufactureItemDescription>
      <UnitQty>לא ידוע</UnitQty>
      <Quantity>1.00</Quantity>
      <UnitOfMeasure>יח'</UnitOfMeasure>
      <bIsWeighted>0</bIsWeighted>
      <QtyInPackage>לא ידוע</QtyInPackage>
      <ItemPrice>89.90</ItemPrice>
      <UnitOfMeasurePrice>89.90</UnitOfMeasurePrice>
      <AllowDiscount>1</AllowDiscount>
      <ItemStatus/>
    </Item>
    <Item>
      <PriceUpdateTime>2025-08-19T14:08:41.000</PriceUpdateTime>
      <ItemCode>7290120125490</ItemCode>
      <LastSaleDateTime>2026-01-29T15:37:20.000</LastSaleDateTime>
      <ItemType>1</ItemType>
      <ItemName>מפיות 33*33 ס"מ גיאו</ItemName>
      <ManufactureName>לא ידוע</ManufactureName>
      <ManufactureCountry>לא ידוע</ManufactureCountry>
      <ManufactureItemDescription>מפיות 33*33 ס"מ גיאו</ManufactureItemDescription>
      <UnitQty>יחידות</UnitQty>
      <Quantity>0.00</Quantity>
      <UnitOfMeasure>יחידה   </UnitOfMeasure>
      <bIsWeighted>0</bIsWeighted>
      <QtyInPackage>לא ידוע</QtyInPackage>
      <ItemPrice>4.90</ItemPrice>
      <UnitOfMeasurePrice>0.00</UnitOfMeasurePrice>
      <AllowDiscount>1</AllowDiscount>
      <ItemStatus/>
    </Item>
    <Item>
      <PriceUpdateTime>2025-08-19T14:08:41.000</PriceUpdateTime>
      <ItemCode>7290120125506</ItemCode>
      <LastSaleDateTime>2026-01-28T10:04:54.000</LastSaleDateTime>
      <ItemType>1</ItemType>
      <ItemName>מפיות 33*33 ס"מ גיאו</ItemName>
      <ManufactureName>לא ידוע</ManufactureName>
      <ManufactureCountry>לא ידוע</ManufactureCountry>
      <ManufactureItemDescription>מפיות 33*33 ס"מ גיאו</ManufactureItemDescription>
      <UnitQty>יחידות</UnitQty>
      <Quantity>0.00</Quantity>
      <UnitOfMeasure>יחידה   </UnitOfMeasure>
      <bIsWeighted>0</bIsWeighted>
      <QtyInPackage>לא ידוע</QtyInPackage>
      <ItemPrice>4.90</ItemPrice>
      <UnitOfMeasurePrice>0.00</UnitOfMeasurePrice>
      <AllowDiscount>1</AllowDiscount>
      <ItemStatus/>
    </Item>
    <Item>
      <PriceUpdateTime>2025-08-19T17:02:57.000</PriceUpdateTime>
      <ItemCode>8410793283832</ItemCode>
      <LastSaleDateTime>2026-01-22T15:16:56.000</LastSaleDateTime>
      <ItemType>1</ItemType>
      <ItemName>בירה אסטרייה דאם שיש</ItemName>
      <ManufactureName>לא ידוע</ManufactureName>
      <ManufactureCountry>לא ידוע</ManufactureCountry>
      <ManufactureItemDescription>בירה אסטרייה דאם שיש</ManufactureItemDescription>
      <UnitQty>ליטר</UnitQty>
      <Quantity>1.98</Quantity>
      <UnitOfMeasure>ליטר    </UnitOfMeasure>
      <bIsWeighted>0</bIsWeighted>
      <QtyInPackage>לא ידוע</QtyInPackage>
      <ItemPrice>37.80</ItemPrice>
      <UnitOfMeasurePrice>19.09</UnitOfMeasurePrice>
      <AllowDiscount>1</AllowDiscount>
      <ItemStatus/>
    </Item>
    <Item>
      <PriceUpdateTime>2025-08-20T08:21:23.000</PriceUpdateTime>
      <ItemCode>7290000024455</ItemCode>
      <LastSaleDateTime>2015-01-01T00:00:00.000</LastSaleDateTime>
      <ItemType>1</ItemType>
      <ItemName>גליה מתוק 187 מ"ל</ItemName>
      <ManufactureName>טמפו</ManufactureName>
      <ManufactureCountry>ישראל</ManufactureCountry>
      <ManufactureItemDescription>גליה מתוק 187 מ"ל</ManufactureItemDescription>
      <UnitQty>לא ידוע</UnitQty>
      <Quantity>187.00</Quantity>
      <UnitOfMeasure>100 מ"ל</UnitOfMeasure>
      <bIsWeighted>0</bIsWeighted>
      <QtyInPackage>לא ידוע</QtyInPackage>
      <ItemPrice>5.90</ItemPrice>
      <UnitOfMeasurePrice>0.03</UnitOfMeasurePrice>
      <AllowDiscount>1</AllowDiscount>
      <ItemStatus>2</ItemStatus>
    </Item>
    <Item>
      <PriceUpdateTime>2025-08-20T08:21:23.000</PriceUpdateTime>
      <ItemCode>7290000024455</ItemCode>
      <LastSaleDateTime>2015-01-01T00:00:00.000</LastSaleDateTime>
      <ItemType>1</ItemType>
      <ItemName>גליה מתוק 187 מ"ל</ItemName>
      <ManufactureName>טמפו</ManufactureName>
      <ManufactureCountry>ישראל</ManufactureCountry>
      <ManufactureItemDescription>גליה מתוק 187 מ"ל</ManufactureItemDescription>
      <UnitQty>לא ידוע</UnitQty>
      <Quantity>187.00</Quantity>
      <UnitOfMeasure>100 מ"ל</UnitOfMeasure>
      <bIsWeighted>0</bIsWeighted>
      <QtyInPackage>לא ידוע</QtyInPackage>
      <ItemPrice>5.90</ItemPrice>
      <UnitOfMeasurePrice>0.03</UnitOfMeasurePrice>
      <AllowDiscount>1</AllowDiscount>
      <ItemStatus/>
    </Item>
    <Item>
      <PriceUpdateTime>2025-08-20T10:48:27.000</PriceUpdateTime>
      <ItemCode>7290000139135</ItemCode>
      <LastSaleDateTime>2026-01-22T21:23:35.000</LastSaleDateTime>
      <ItemType>1</ItemType>
      <ItemName>שלווה חיטה תפוחה 320</ItemName>
      <ManufactureName>לא ידוע</ManufactureName>
      <ManufactureCountry>לא ידוע</ManufactureCountry>
      <ManufactureItemDescription>שלווה חיטה תפוחה 320</ManufactureItemDescription>
      <UnitQty>גרם</UnitQty>
      <Quantity>320.00</Quantity>
      <UnitOfMeasure>100 גרם</UnitOfMeasure>
      <bIsWeighted>0</bIsWeighted>
      <QtyInPackage>לא ידוע</QtyInPackage>
      <ItemPrice>11.90</ItemPrice>
      <UnitOfMeasurePrice>3.72</UnitOfMeasurePrice>
      <AllowDiscount>1</AllowDiscount>
      <ItemStatus/>
    </Item>
    <Item>
      <PriceUpdateTime>2025-08-20T10:48:49.000</PriceUpdateTime>
      <ItemCode>7290122632132</ItemCode>
      <LastSaleDateTime>2026-01-22T08:39:40.000</LastSaleDateTime>
      <ItemType>1</ItemType>
      <ItemName>קולגייט טוטאל זוג 20</ItemName>
      <ManufactureName>לא ידוע</ManufactureName>
      <ManufactureCountry>לא ידוע</ManufactureCountry>
      <ManufactureItemDescription>קולגייט טוטאל זוג 20</ManufactureItemDescription>
      <UnitQty>גרם</UnitQty>
      <Quantity>200.00</Quantity>
      <UnitOfMeasure>100 גרם</UnitOfMeasure>
      <bIsWeighted>0</bIsWeighted>
      <QtyInPackage>לא ידוע</QtyInPackage>
      <ItemPrice>29.90</ItemPrice>
      <UnitOfMeasurePrice>14.95</UnitOfMeasurePrice>
      <AllowDiscount>1</AllowDiscount>
      <ItemStatus/>
    </Item>
    <Item>
      <PriceUpdateTime>2025-08-20T11:51:50.000</PriceUpdateTime>
      <ItemCode>7290119383085</ItemCode>
      <LastSaleDateTime>2026-01-22T12:23:18.000</LastSaleDateTime>
      <ItemType>1</ItemType>
      <ItemName>שקית מיקס מיני כיף כ</ItemName>
      <ManufactureName>לא ידוע</ManufactureName>
      <ManufactureCountry>לא ידוע</ManufactureCountry>
      <ManufactureItemDescription>שקית מיקס מיני כיף כ</ManufactureItemDescription>
      <UnitQty>גרם</UnitQty>
      <Quantity>357.00</Quantity>
      <UnitOfMeasure>100 גרם</UnitOfMeasure>
      <bIsWeighted>0</bIsWeighted>
      <QtyInPackage>לא ידוע</QtyInPackage>
      <ItemPrice>28.90</ItemPrice>
      <UnitOfMeasurePrice>8.10</UnitOfMeasurePrice>
      <AllowDiscount>1</AllowDiscount>
      <ItemStatus/>
    </Item>
    <Item>
      <PriceUpdateTime>2025-08-20T11:52:31.000</PriceUpdateTime>
      <ItemCode>7290019939238</ItemCode>
      <LastSaleDateTime>2026-01-29T17:26:53.000</LastSaleDateTime>
      <ItemType>1</ItemType>
      <ItemName>מיקס קורנפלקס שוקולד</ItemName>
      <ManufactureName>לא ידוע</ManufactureName>
      <ManufactureCountry>לא ידוע</ManufactureCountry>
      <ManufactureItemDescription>מיקס קורנפלקס שוקולד</ManufactureItemDescription>
      <UnitQty>גרם</UnitQty>
      <Quantity>55.00</Quantity>
      <UnitOfMeasure>100 גרם</UnitOfMeasure>
      <bIsWeighted>0</bIsWeighted>
      <QtyInPackage>לא ידוע</QtyInPackage>
      <ItemPrice>6.90</ItemPrice>
      <UnitOfMeasurePrice>12.55</UnitOfMeasurePrice>
      <AllowDiscount>1</AllowDiscount>
      <ItemStatus/>
    </Item>
    <Item>
      <PriceUpdateTime>2025-08-20T11:52:31.000</PriceUpdateTime>
      <ItemCode>7290019939245</ItemCode>
      <LastSaleDateTime>2026-01-29T17:26:53.000</LastSaleDateTime>
      <ItemType>1</ItemType>
      <ItemName>מיקס כדורי שוקולד לל</ItemName>
      <ManufactureName>לא ידוע</ManufactureName>
      <ManufactureCountry>לא ידוע</ManufactureCountry>
      <ManufactureItemDescription>מיקס כדורי שוקולד לל</ManufactureItemDescription>
      <UnitQty>גרם</UnitQty>
      <Quantity>55.00</Quantity>
      <UnitOfMeasure>100 גרם</UnitOfMeasure>
      <bIsWeighted>0</bIsWeighted>
      <QtyInPackage>לא ידוע</QtyInPackage>
      <ItemPrice>6.90</ItemPrice>
      <UnitOfMeasurePrice>12.55</UnitOfMeasurePrice>
      <AllowDiscount>1</AllowDiscount>
      <ItemStatus/>
    </Item>
    <Item>
      <PriceUpdateTime>2025-08-20T11:52:31.000</PriceUpdateTime>
      <ItemCode>7290019939894</ItemCode>
      <LastSaleDateTime>2026-01-29T16:16:50.000</LastSaleDateTime>
      <ItemType>1</ItemType>
      <ItemName>מיקס כוכבים שוקולד ל</ItemName>
      <ManufactureName>לא ידוע</ManufactureName>
      <ManufactureCountry>לא ידוע</ManufactureCountry>
      <ManufactureItemDescription>מיקס כוכבים שוקולד ל</ManufactureItemDescription>
      <UnitQty>גרם</UnitQty>
      <Quantity>55.00</Quantity>
      <UnitOfMeasure>100 גרם</UnitOfMeasure>
      <bIsWeighted>0</bIsWeighted>
      <QtyInPackage>לא ידוע</QtyInPackage>
      <ItemPrice>6.90</ItemPrice>
      <UnitOfMeasurePrice>12.55</UnitOfMeasurePrice>
      <AllowDiscount>1</AllowDiscount>
      <ItemStatus/>
    </Item>
    <Item>
      <PriceUpdateTime>2025-08-22T08:27:51.000</PriceUpdateTime>
      <ItemCode>633824208040</ItemCode>
      <LastSaleDateTime>2015-01-01T00:00:00.000</LastSaleDateTime>
      <ItemType>1</ItemType>
      <ItemName>ואן גוך דאבל אספרסו</ItemName>
      <ManufactureName>לא ידוע</ManufactureName>
      <ManufactureCountry>לא ידוע</ManufactureCountry>
      <ManufactureItemDescription>ואן גוך דאבל אספרסו</ManufactureItemDescription>
      <UnitQty>לא ידוע</UnitQty>
      <Quantity>750.00</Quantity>
      <UnitOfMeasure>100 מ"ל</UnitOfMeasure>
      <bIsWeighted>0</bIsWeighted>
      <QtyInPackage>לא ידוע</QtyInPackage>
      <ItemPrice>191.90</ItemPrice>
      <UnitOfMeasurePrice>0.26</UnitOfMeasurePrice>
      <AllowDiscount>1</AllowDiscount>
      <ItemStatus>2</ItemStatus>
    </Item>
    <Item>
      <PriceUpdateTime>2025-08-22T08:27:51.000</PriceUpdateTime>
      <ItemCode>633824208040</ItemCode>
      <LastSaleDateTime>2015-01-01T00:00:00.000</LastSaleDateTime>
      <ItemType>1</ItemType>
      <ItemName>ואן גוך דאבל אספרסו</ItemName>
      <ManufactureName>לא ידוע</ManufactureName>
      <ManufactureCountry>לא ידוע</ManufactureCountry>
      <ManufactureItemDescription>ואן גוך דאבל אספרסו</ManufactureItemDescription>
      <UnitQty>לא ידוע</UnitQty>
      <Quantity>750.00</Quantity>
      <UnitOfMeasure>100 מ"ל</UnitOfMeasure>
      <bIsWeighted>0</bIsWeighted>
      <QtyInPackage>לא ידוע</QtyInPackage>
      <ItemPrice>191.90</ItemPrice>
      <UnitOfMeasurePrice>0.26</UnitOfMeasurePrice>
      <AllowDiscount>1</AllowDiscount>
      <ItemStatus/>
    </Item>
    <Item>
      <PriceUpdateTime>2025-08-24T14:54:52.000</PriceUpdateTime>
      <ItemCode>5029053535210</ItemCode>
      <LastSaleDateTime>2026-01-22T16:44:19.000</LastSaleDateTime>
      <ItemType>1</ItemType>
      <ItemName>טמפון עם מוליך מיני</ItemName>
      <ManufactureName>קוטקס</ManufactureName>
      <ManufactureCountry>לא ידוע</ManufactureCountry>
      <ManufactureItemDescription>טמפון עם מוליך מיני</ManufactureItemDescription>
      <UnitQty>לא ידוע</UnitQty>
      <Quantity>16.00</Quantity>
      <UnitOfMeasure>יח'</UnitOfMeasure>
      <bIsWeighted>0</bIsWeighted>
      <QtyInPackage>לא ידוע</QtyInPackage>
      <ItemPrice>19.90</ItemPrice>
      <UnitOfMeasurePrice>1.24</UnitOfMeasurePrice>
      <AllowDiscount>1</AllowDiscount>
      <ItemStatus/>
    </Item>
    <Item>
      <PriceUpdateTime>2025-08-24T14:54:52.000</PriceUpdateTime>
      <ItemCode>5029053535234</ItemCode>
      <LastSaleDateTime>2026-01-28T21:05:28.000</LastSaleDateTime>
      <ItemType>1</ItemType>
      <ItemName>טמפון +מוליך סופר קו</ItemName>
      <ManufactureName>קוטקס</ManufactureName>
      <ManufactureCountry>לא ידוע</ManufactureCountry>
      <ManufactureItemDescription>טמפון +מוליך סופר קו</ManufactureItemDescription>
      <UnitQty>לא ידוע</UnitQty>
      <Quantity>16.00</Quantity>
      <UnitOfMeasure>יח'</UnitOfMeasure>
      <bIsWeighted>0</bIsWeighted>
      <QtyInPackage>לא ידוע</QtyInPackage>
      <ItemPrice>19.90</ItemPrice>
      <UnitOfMeasurePrice>1.24</UnitOfMeasurePrice>
      <AllowDiscount>1</AllowDiscount>
      <ItemStatus/>
    </Item>
    <Item>
      <PriceUpdateTime>2025-08-27T09:18:40.000</PriceUpdateTime>
      <ItemCode>7290013145574</ItemCode>
      <LastSaleDateTime>2026-01-29T19:42:09.000</LastSaleDateTime>
      <ItemType>1</ItemType>
      <ItemName>מיימונס ערכה לקישוט</ItemName>
      <ManufactureName>מימונס</ManufactureName>
      <ManufactureCountry>ישראל</ManufactureCountry>
      <ManufactureItemDescription>ערכה לקישוט (מזרה עיגולים</ManufactureItemDescription>
      <UnitQty>גרם</UnitQty>
      <Quantity>100.00</Quantity>
      <UnitOfMeasure>100 גרם</UnitOfMeasure>
      <bIsWeighted>0</bIsWeighted>
      <QtyInPackage>לא ידוע</QtyInPackage>
      <ItemPrice>13.90</ItemPrice>
      <UnitOfMeasurePrice>13.90</UnitOfMeasurePrice>
      <AllowDiscount>1</AllowDiscount>
      <ItemStatus/>
    </Item>
    <Item>
      <PriceUpdateTime>2025-08-27T10:50:38.000</PriceUpdateTime>
      <ItemCode>7290000024530</ItemCode>
      <LastSaleDateTime>2015-01-01T00:00:00.000</LastSaleDateTime>
      <ItemType>1</ItemType>
      <ItemName>יין אדום קידוש 750 מ</ItemName>
      <ManufactureName>לא ידוע</ManufactureName>
      <ManufactureCountry>לא ידוע</ManufactureCountry>
      <ManufactureItemDescription>יין אדום קידוש 750 מ</ManufactureItemDescription>
      <UnitQty>לא ידוע</UnitQty>
      <Quantity>750.00</Quantity>
      <UnitOfMeasure>100 מ"ל</UnitOfMeasure>
      <bIsWeighted>0</bIsWeighted>
      <QtyInPackage>לא ידוע</QtyInPackage>
      <ItemPrice>15.50</ItemPrice>
      <UnitOfMeasurePrice>0.02</UnitOfMeasurePrice>
      <AllowDiscount>1</AllowDiscount>
      <ItemStatus>2</ItemStatus>
    </Item>
    <Item>
      <PriceUpdateTime>2025-08-27T10:50:38.000</PriceUpdateTime>
      <ItemCode>7290000024530</ItemCode>
      <LastSaleDateTime>2015-01-01T00:00:00.000</LastSaleDateTime>
      <ItemType>1</ItemType>
      <ItemName>יין אדום קידוש 750 מ</ItemName>
      <ManufactureName>לא ידוע</ManufactureName>
      <ManufactureCountry>לא ידוע</ManufactureCountry>
      <ManufactureItemDescription>יין אדום קידוש 750 מ</ManufactureItemDescription>
      <UnitQty>לא ידוע</UnitQty>
      <Quantity>750.00</Quantity>
      <UnitOfMeasure>100 מ"ל</UnitOfMeasure>
      <bIsWeighted>0</bIsWeighted>
      <QtyInPackage>לא ידוע</QtyInPackage>
      <ItemPrice>15.50</ItemPrice>
      <UnitOfMeasurePrice>0.02</UnitOfMeasurePrice>
      <AllowDiscount>1</AllowDiscount>
      <ItemStatus/>
    </Item>
    <Item>
      <PriceUpdateTime>2025-08-27T10:50:38.000</PriceUpdateTime>
      <ItemCode>7290000521015</ItemCode>
      <LastSaleDateTime>2026-01-14T14:07:09.000</LastSaleDateTime>
      <ItemType>1</ItemType>
      <ItemName>סגל לבן יבש 750 מ"ל</ItemName>
      <ManufactureName>טמפו</ManufactureName>
      <ManufactureCountry>ישראל</ManufactureCountry>
      <ManufactureItemDescription>סגל לבן יבש 750 מ"ל</ManufactureItemDescription>
      <UnitQty>לא ידוע</UnitQty>
      <Quantity>750.00</Quantity>
      <UnitOfMeasure>100 מ"ל</UnitOfMeasure>
      <bIsWeighted>0</bIsWeighted>
      <QtyInPackage>לא ידוע</QtyInPackage>
      <ItemPrice>21.50</ItemPrice>
      <UnitOfMeasurePrice>0.03</UnitOfMeasurePrice>
      <AllowDiscount>1</AllowDiscount>
      <ItemStatus/>
    </Item>
    <Item>
      <PriceUpdateTime>2025-08-27T10:50:38.000</PriceUpdateTime>
      <ItemCode>7290000521022</ItemCode>
      <LastSaleDateTime>2026-01-18T12:45:22.000</LastSaleDateTime>
      <ItemType>1</ItemType>
      <ItemName>סגל לבן חצי יבש 750</ItemName>
      <ManufactureName>טמפו</ManufactureName>
      <ManufactureCountry>ישראל</ManufactureCountry>
      <ManufactureItemDescription>סגל לבן חצי יבש 750 מ"ל</ManufactureItemDescription>
      <UnitQty>לא ידוע</UnitQty>
      <Quantity>750.00</Quantity>
      <UnitOfMeasure>100 מ"ל</UnitOfMeasure>
      <bIsWeighted>0</bIsWeighted>
      <QtyInPackage>לא ידוע</QtyInPackage>
      <ItemPrice>21.50</ItemPrice>
      <UnitOfMeasurePrice>0.03</UnitOfMeasurePrice>
      <AllowDiscount>1</AllowDiscount>
      <ItemStatus/>
    </Item>
    <Item>
      <PriceUpdateTime>2025-08-27T10:50:38.000</PriceUpdateTime>
      <ItemCode>7290008464024</ItemCode>
      <LastSaleDateTime>2026-01-26T20:37:46.000</LastSaleDateTime>
      <ItemType>1</ItemType>
      <ItemName>בירה גולדסטאר לא מסו</ItemName>
      <ManufactureName>טמפו</ManufactureName>
      <ManufactureCountry>ישראל</ManufactureCountry>
      <ManufactureItemDescription>גולדסטאר לא מסונן פחית 50</ManufactureItemDescription>
      <UnitQty>לא ידוע</UnitQty>
      <Quantity>500.00</Quantity>
      <UnitOfMeasure>100 מ"ל</UnitOfMeasure>
      <bIsWeighted>0</bIsWeighted>
      <QtyInPackage>לא ידוע</QtyInPackage>
      <ItemPrice>8.90</ItemPrice>
      <UnitOfMeasurePrice>0.02</UnitOfMeasurePrice>
      <AllowDiscount>1</AllowDiscount>
      <ItemStatus/>
    </Item>
    <Item>
      <PriceUpdateTime>2025-08-27T10:50:38.000</PriceUpdateTime>
      <ItemCode>7290008464673</ItemCode>
      <LastSaleDateTime>2026-01-21T19:09:28.000</LastSaleDateTime>
      <ItemType>1</ItemType>
      <ItemName>בירה גולדסטאר פחית 5</ItemName>
      <ManufactureName>לא ידוע</ManufactureName>
      <ManufactureCountry>לא ידוע</ManufactureCountry>
      <ManufactureItemDescription>בירה גולדסטאר פחית 5</ManufactureItemDescription>
      <UnitQty>לא ידוע</UnitQty>
      <Quantity>500.00</Quantity>
      <UnitOfMeasure>100 מ"ל</UnitOfMeasure>
      <bIsWeighted>0</bIsWeighted>
      <QtyInPackage>לא ידוע</QtyInPackage>
      <ItemPrice>8.60</ItemPrice>
      <UnitOfMeasurePrice>0.02</UnitOfMeasurePrice>
      <AllowDiscount>1</AllowDiscount>
      <ItemStatus/>
    </Item>
    <Item>
      <PriceUpdateTime>2025-08-27T10:50:38.000</PriceUpdateTime>
      <ItemCode>7290008464697</ItemCode>
      <LastSaleDateTime>2026-01-29T20:48:18.000</LastSaleDateTime>
      <ItemType>1</ItemType>
      <ItemName>בירה מכבי חזקה 7.9%</ItemName>
      <ManufactureName>טמפו</ManufactureName>
      <ManufactureCountry>ישראל</ManufactureCountry>
      <ManufactureItemDescription>מכבי חזקה 7.9% ח"פ 330 בק</ManufactureItemDescription>
      <UnitQty>ליטר</UnitQty>
      <Quantity>1.98</Quantity>
      <UnitOfMeasure>ליטר    </UnitOfMeasure>
      <bIsWeighted>0</bIsWeighted>
      <QtyInPackage>לא ידוע</QtyInPackage>
      <ItemPrice>35.90</ItemPrice>
      <UnitOfMeasurePrice>18.13</UnitOfMeasurePrice>
      <AllowDiscount>1</AllowDiscount>
      <ItemStatus/>
    </Item>
    <Item>
      <PriceUpdateTime>2025-08-27T10:50:38.000</PriceUpdateTime>
      <ItemCode>7290008464741</ItemCode>
      <LastSaleDateTime>2026-01-29T18:53:55.000</LastSaleDateTime>
      <ItemType>1</ItemType>
      <ItemName>בירה גולדסטאר שישייה</ItemName>
      <ManufactureName>טמפו</ManufactureName>
      <ManufactureCountry>ישראל</ManufactureCountry>
      <ManufactureItemDescription>גולדסטאר ח"פ 330 בקבוק שי</ManufactureItemDescription>
      <UnitQty>ליטר</UnitQty>
      <Quantity>1.98</Quantity>
      <UnitOfMeasure>ליטר    </UnitOfMeasure>
      <bIsWeighted>0</bIsWeighted>
      <QtyInPackage>לא ידוע</QtyInPackage>
      <ItemPrice>32.90</ItemPrice>
      <UnitOfMeasurePrice>16.62</UnitOfMeasurePrice>
      <AllowDiscount>1</AllowDiscount>
      <ItemStatus/>
    </Item>
    <Item>
      <PriceUpdateTime>2025-08-27T10:50:38.000</PriceUpdateTime>
      <ItemCode>7290015350150</ItemCode>
      <LastSaleDateTime>2026-01-22T15:16:56.000</LastSaleDateTime>
      <ItemType>1</ItemType>
      <ItemName>סגל אדום חצי יבש 750</ItemName>
      <ManufactureName>לא ידוע</ManufactureName>
      <ManufactureCountry>לא ידוע</ManufactureCountry>
      <ManufactureItemDescription>סגל אדום חצי יבש 750</ManufactureItemDescription>
      <UnitQty>לא ידוע</UnitQty>
      <Quantity>750.00</Quantity>
      <UnitOfMeasure>100 מ"ל</UnitOfMeasure>
      <bIsWeighted>0</bIsWeighted>
      <QtyInPackage>לא ידוע</QtyInPackage>
      <ItemPrice>21.50</ItemPrice>
      <UnitOfMeasurePrice>0.03</UnitOfMeasurePrice>
      <AllowDiscount>1</AllowDiscount>
      <ItemStatus/>
    </Item>
    <Item>
      <PriceUpdateTime>2025-08-27T10:50:38.000</PriceUpdateTime>
      <ItemCode>7312040017683</ItemCode>
      <LastSaleDateTime>2026-01-28T14:44:11.000</LastSaleDateTime>
      <ItemType>1</ItemType>
      <ItemName>אבסולוט וודקה 700 מ"</ItemName>
      <ManufactureName>אבסולוט</ManufactureName>
      <ManufactureCountry>לא ידוע</ManufactureCountry>
      <ManufactureItemDescription>אבסולוט וודקה 700 מ"ל</ManufactureItemDescription>
      <UnitQty>לא ידוע</UnitQty>
      <Quantity>700.00</Quantity>
      <UnitOfMeasure>100 מ"ל</UnitOfMeasure>
      <bIsWeighted>0</bIsWeighted>
      <QtyInPackage>לא ידוע</QtyInPackage>
      <ItemPrice>69.90</ItemPrice>
      <UnitOfMeasurePrice>0.10</UnitOfMeasurePrice>
      <AllowDiscount>1</AllowDiscount>
      <ItemStatus/>
    </Item>
    <Item>
      <PriceUpdateTime>2025-08-27T10:50:38.000</PriceUpdateTime>
      <ItemCode>7290008464802</ItemCode>
      <LastSaleDateTime>2015-01-01T00:00:00.000</LastSaleDateTime>
      <ItemType>1</ItemType>
      <ItemName>הייניקן בירה פח 6*33</ItemName>
      <ManufactureName>לא ידוע</ManufactureName>
      <ManufactureCountry>לא ידוע</ManufactureCountry>
      <ManufactureItemDescription>הייניקן בירה פח 6*33</ManufactureItemDescription>
      <UnitQty>ליטר</UnitQty>
      <Quantity>1.98</Quantity>
      <UnitOfMeasure>ליטר    </UnitOfMeasure>
      <bIsWeighted>0</bIsWeighted>
      <QtyInPackage>לא ידוע</QtyInPackage>
      <ItemPrice>32.90</ItemPrice>
      <UnitOfMeasurePrice>16.62</UnitOfMeasurePrice>
      <AllowDiscount>1</AllowDiscount>
      <ItemStatus>2</ItemStatus>
    </Item>
    <Item>
      <PriceUpdateTime>2025-08-27T10:50:38.000</PriceUpdateTime>
      <ItemCode>7290008464802</ItemCode>
      <LastSaleDateTime>2015-01-01T00:00:00.000</LastSaleDateTime>
      <ItemType>1</ItemType>
      <ItemName>הייניקן בירה פח 6*33</ItemName>
      <ManufactureName>לא ידוע</ManufactureName>
      <ManufactureCountry>לא ידוע</ManufactureCountry>
      <ManufactureItemDescription>הייניקן בירה פח 6*33</ManufactureItemDescription>
      <UnitQty>ליטר</UnitQty>
      <Quantity>1.98</Quantity>
      <UnitOfMeasure>ליטר    </UnitOfMeasure>
      <bIsWeighted>0</bIsWeighted>
      <QtyInPackage>לא ידוע</QtyInPackage>
      <ItemPrice>32.90</ItemPrice>
      <UnitOfMeasurePrice>16.62</UnitOfMeasurePrice>
      <AllowDiscount>1</AllowDiscount>
      <ItemStatus/>
    </Item>
    <Item>
      <PriceUpdateTime>2025-08-28T12:47:03.000</PriceUpdateTime>
      <ItemCode>7290000554471</ItemCode>
      <LastSaleDateTime>2026-01-22T18:46:04.000</LastSaleDateTime>
      <ItemType>1</ItemType>
      <ItemName>גבינת מוצרלה 22% גד</ItemName>
      <ManufactureName>מחלבות גד</ManufactureName>
      <ManufactureCountry>לא ידוע</ManufactureCountry>
      <ManufactureItemDescription>גבינת מוצרלה 22% גד</ManufactureItemDescription>
      <UnitQty>גרם</UnitQty>
      <Quantity>180.00</Quantity>
      <UnitOfMeasure>100 גרם</UnitOfMeasure>
      <bIsWeighted>0</bIsWeighted>
      <QtyInPackage>לא ידוע</QtyInPackage>
      <ItemPrice>17.90</ItemPrice>
      <UnitOfMeasurePrice>9.94</UnitOfMeasurePrice>
      <AllowDiscount>1</AllowDiscount>
      <ItemStatus/>
    </Item>
    <Item>
      <PriceUpdateTime>2025-08-28T14:11:41.000</PriceUpdateTime>
      <ItemCode>7290113560376</ItemCode>
      <LastSaleDateTime>2026-01-22T16:59:22.000</LastSaleDateTime>
      <ItemType>1</ItemType>
      <ItemName>פרודונטקס מלבינה 100</ItemName>
      <ManufactureName>לא ידוע</ManufactureName>
      <ManufactureCountry>לא ידוע</ManufactureCountry>
      <ManufactureItemDescription>פרודונטקס מלבינה 100</ManufactureItemDescription>
      <UnitQty>לא ידוע</UnitQty>
      <Quantity>100.00</Quantity>
      <UnitOfMeasure>100 מ"ל</UnitOfMeasure>
      <bIsWeighted>0</bIsWeighted>
      <QtyInPackage>לא ידוע</QtyInPackage>
      <ItemPrice>34.90</ItemPrice>
      <UnitOfMeasurePrice>0.35</UnitOfMeasurePrice>
      <AllowDiscount>1</AllowDiscount>
      <ItemStatus/>
    </Item>
    <Item>
      <PriceUpdateTime>2025-08-31T10:22:15.000</PriceUpdateTime>
      <ItemCode>7290017907253</ItemCode>
      <LastSaleDateTime>2026-01-22T16:37:33.000</LastSaleDateTime>
      <ItemType>1</ItemType>
      <ItemName>תמי פתיתים ללא גלוטן</ItemName>
      <ManufactureName>לא ידוע</ManufactureName>
      <ManufactureCountry>לא ידוע</ManufactureCountry>
      <ManufactureItemDescription>תמי פתיתים ללא גלוטן</ManufactureItemDescription>
      <UnitQty>גרם</UnitQty>
      <Quantity>300.00</Quantity>
      <UnitOfMeasure>100 גרם</UnitOfMeasure>
      <bIsWeighted>0</bIsWeighted>
      <QtyInPackage>לא ידוע</QtyInPackage>
      <ItemPrice>14.90</ItemPrice>
      <UnitOfMeasurePrice>4.97</UnitOfMeasurePrice>
      <AllowDiscount>1</AllowDiscount>
      <ItemStatus/>
    </Item>
    <Item>
      <PriceUpdateTime>2025-08-31T15:14:28.000</PriceUpdateTime>
      <ItemCode>7290013010001</ItemCode>
      <LastSaleDateTime>2026-01-22T15:21:47.000</LastSaleDateTime>
      <ItemType>1</ItemType>
      <ItemName>פרי מבורך עגבניות מר</ItemName>
      <ManufactureName>לא ידוע</ManufactureName>
      <ManufactureCountry>לא ידוע</ManufactureCountry>
      <ManufactureItemDescription>פרי מבורך עגבניות מר</ManufactureItemDescription>
      <UnitQty>גרם</UnitQty>
      <Quantity>240.00</Quantity>
      <UnitOfMeasure>100 גרם</UnitOfMeasure>
      <bIsWeighted>0</bIsWeighted>
      <QtyInPackage>לא ידוע</QtyInPackage>
      <ItemPrice>5.90</ItemPrice>
      <UnitOfMeasurePrice>2.46</UnitOfMeasurePrice>
      <AllowDiscount>1</AllowDiscount>
      <ItemStatus/>
    </Item>
    <Item>
      <PriceUpdateTime>2025-08-31T15:14:36.000</PriceUpdateTime>
      <ItemCode>7290000136783</ItemCode>
      <LastSaleDateTime>2026-01-22T19:32:24.000</LastSaleDateTime>
      <ItemType>1</ItemType>
      <ItemName>גזוז בטעם תפוזים מיר</ItemName>
      <ManufactureName>לא ידוע</ManufactureName>
      <ManufactureCountry>לא ידוע</ManufactureCountry>
      <ManufactureItemDescription>גזוז בטעם תפוזים מיר</ManufactureItemDescription>
      <UnitQty>ליטר</UnitQty>
      <Quantity>9.00</Quantity>
      <UnitOfMeasure>ליטר    </UnitOfMeasure>
      <bIsWeighted>0</bIsWeighted>
      <QtyInPackage>לא ידוע</QtyInPackage>
      <ItemPrice>31.90</ItemPrice>
      <UnitOfMeasurePrice>3.54</UnitOfMeasurePrice>
      <AllowDiscount>1</AllowDiscount>
      <ItemStatus/>
    </Item>
    <Item>
      <PriceUpdateTime>2025-08-31T15:14:39.000</PriceUpdateTime>
      <ItemCode>7297395000217</ItemCode>
      <LastSaleDateTime>2026-01-29T16:38:06.000</LastSaleDateTime>
      <ItemType>1</ItemType>
      <ItemName>בדי טהרה סריג גמיש 4</ItemName>
      <ManufactureName>לא ידוע</ManufactureName>
      <ManufactureCountry>לא ידוע</ManufactureCountry>
      <ManufactureItemDescription>בדי טהרה סריג גמיש 4</ManufactureItemDescription>
      <UnitQty>לא ידוע</UnitQty>
      <Quantity>40.00</Quantity>
      <UnitOfMeasure>יח'</UnitOfMeasure>
      <bIsWeighted>0</bIsWeighted>
      <QtyInPackage>לא ידוע</QtyInPackage>
      <ItemPrice>16.90</ItemPrice>
      <UnitOfMeasurePrice>0.42</UnitOfMeasurePrice>
      <AllowDiscount>1</AllowDiscount>
      <ItemStatus/>
    </Item>
    <Item>
      <PriceUpdateTime>2025-09-03T09:02:38.000</PriceUpdateTime>
      <ItemCode>7290015037075</ItemCode>
      <LastSaleDateTime>2026-01-22T21:46:41.000</LastSaleDateTime>
      <ItemType>1</ItemType>
      <ItemName>לקט ירקות שורש חסלט</ItemName>
      <ManufactureName>לא ידוע</ManufactureName>
      <ManufactureCountry>לא ידוע</ManufactureCountry>
      <ManufactureItemDescription>לקט ירקות שורש חסלט</ManufactureItemDescription>
      <UnitQty>לא ידוע</UnitQty>
      <Quantity>1.00</Quantity>
      <UnitOfMeasure>יח'</UnitOfMeasure>
      <bIsWeighted>0</bIsWeighted>
      <QtyInPackage>לא ידוע</QtyInPackage>
      <ItemPrice>13.80</ItemPrice>
      <UnitOfMeasurePrice>13.80</UnitOfMeasurePrice>
      <AllowDiscount>1</AllowDiscount>
      <ItemStatus/>
    </Item>
    <Item>
      <PriceUpdateTime>2025-09-03T09:02:43.000</PriceUpdateTime>
      <ItemCode>7290002686439</ItemCode>
      <LastSaleDateTime>2026-01-28T13:12:46.000</LastSaleDateTime>
      <ItemType>1</ItemType>
      <ItemName>נקנקיות וינר 1.5 ק"ג</ItemName>
      <ManufactureName>לא ידוע</ManufactureName>
      <ManufactureCountry>לא ידוע</ManufactureCountry>
      <ManufactureItemDescription>נקנקיות וינר 1.5 ק"ג</ManufactureItemDescription>
      <UnitQty>קילוגרם</UnitQty>
      <Quantity>1.50</Quantity>
      <UnitOfMeasure>ק"ג     </UnitOfMeasure>
      <bIsWeighted>0</bIsWeighted>
      <QtyInPackage>לא ידוע</QtyInPackage>
      <ItemPrice>27.90</ItemPrice>
      <UnitOfMeasurePrice>18.60</UnitOfMeasurePrice>
      <AllowDiscount>1</AllowDiscount>
      <ItemStatus/>
    </Item>
    <Item>
      <PriceUpdateTime>2025-09-03T09:03:14.000</PriceUpdateTime>
      <ItemCode>90087011</ItemCode>
      <LastSaleDateTime>2026-01-28T15:11:08.000</LastSaleDateTime>
      <ItemType>1</ItemType>
      <ItemName>מיץ תפוחים 1 ל' 12XR</ItemName>
      <ManufactureName>תומר</ManufactureName>
      <ManufactureCountry>לא ידוע</ManufactureCountry>
      <ManufactureItemDescription>מיץ תפוחים 1 ל' 12XR</ManufactureItemDescription>
      <UnitQty>ליטר</UnitQty>
      <Quantity>1.00</Quantity>
      <UnitOfMeasure>ליטר    </UnitOfMeasure>
      <bIsWeighted>0</bIsWeighted>
      <QtyInPackage>לא ידוע</QtyInPackage>
      <ItemPrice>10.90</ItemPrice>
      <UnitOfMeasurePrice>10.90</UnitOfMeasurePrice>
      <AllowDiscount>1</AllowDiscount>
      <ItemStatus/>
    </Item>
    <Item>
      <PriceUpdateTime>2025-09-03T09:03:14.000</PriceUpdateTime>
      <ItemCode>90087547</ItemCode>
      <LastSaleDateTime>2026-01-28T13:49:03.000</LastSaleDateTime>
      <ItemType>1</ItemType>
      <ItemName>מיץ עגבניות 1 ל</ItemName>
      <ManufactureName>תומר</ManufactureName>
      <ManufactureCountry>לא ידוע</ManufactureCountry>
      <ManufactureItemDescription>מיץ עגבניות 1 ל</ManufactureItemDescription>
      <UnitQty>ליטר</UnitQty>
      <Quantity>1.00</Quantity>
      <UnitOfMeasure>ליטר    </UnitOfMeasure>
      <bIsWeighted>0</bIsWeighted>
      <QtyInPackage>לא ידוע</QtyInPackage>
      <ItemPrice>10.90</ItemPrice>
      <UnitOfMeasurePrice>10.90</UnitOfMeasurePrice>
      <AllowDiscount>1</AllowDiscount>
      <ItemStatus/>
    </Item>
    <Item>
      <PriceUpdateTime>2025-09-03T09:03:14.000</PriceUpdateTime>
      <ItemCode>7290008464703</ItemCode>
      <LastSaleDateTime>2025-12-24T00:00:00.000</LastSaleDateTime>
      <ItemType>1</ItemType>
      <ItemName>בירה מכבי ח"פ 330 בק</ItemName>
      <ManufactureName>טמפו</ManufactureName>
      <ManufactureCountry>ישראל</ManufactureCountry>
      <ManufactureItemDescription>מכבי ח"פ 330 בקבוק שישייה</ManufactureItemDescription>
      <UnitQty>לא ידוע</UnitQty>
      <Quantity>330.00</Quantity>
      <UnitOfMeasure>100 מ"ל</UnitOfMeasure>
      <bIsWeighted>0</bIsWeighted>
      <QtyInPackage>לא ידוע</QtyInPackage>
      <ItemPrice>29.90</ItemPrice>
      <UnitOfMeasurePrice>0.09</UnitOfMeasurePrice>
      <AllowDiscount>1</AllowDiscount>
      <ItemStatus/>
    </Item>
    <Item>
      <PriceUpdateTime>2025-09-03T09:03:14.000</PriceUpdateTime>
      <ItemCode>7290015348072</ItemCode>
      <LastSaleDateTime>2015-01-01T00:00:00.000</LastSaleDateTime>
      <ItemType>1</ItemType>
      <ItemName>למברוסקו אמיליאנו אד</ItemName>
      <ManufactureName>טמפו</ManufactureName>
      <ManufactureCountry>ישראל</ManufactureCountry>
      <ManufactureItemDescription>למברוסקו אמיליאנו אדום 75</ManufactureItemDescription>
      <UnitQty>לא ידוע</UnitQty>
      <Quantity>750.00</Quantity>
      <UnitOfMeasure>100 מ"ל</UnitOfMeasure>
      <bIsWeighted>0</bIsWeighted>
      <QtyInPackage>לא ידוע</QtyInPackage>
      <ItemPrice>29.90</ItemPrice>
      <UnitOfMeasurePrice>0.04</UnitOfMeasurePrice>
      <AllowDiscount>1</AllowDiscount>
      <ItemStatus>2</ItemStatus>
    </Item>
    <Item>
      <PriceUpdateTime>2025-09-03T09:03:14.000</PriceUpdateTime>
      <ItemCode>7290015348072</ItemCode>
      <LastSaleDateTime>2015-01-01T00:00:00.000</LastSaleDateTime>
      <ItemType>1</ItemType>
      <ItemName>למברוסקו אמיליאנו אד</ItemName>
      <ManufactureName>טמפו</ManufactureName>
      <ManufactureCountry>ישראל</ManufactureCountry>
      <ManufactureItemDescription>למברוסקו אמיליאנו אדום 75</ManufactureItemDescription>
      <UnitQty>לא ידוע</UnitQty>
      <Quantity>750.00</Quantity>
      <UnitOfMeasure>100 מ"ל</UnitOfMeasure>
      <bIsWeighted>0</bIsWeighted>
      <QtyInPackage>לא ידוע</QtyInPackage>
      <ItemPrice>29.90</ItemPrice>
      <UnitOfMeasurePrice>0.04</UnitOfMeasurePrice>
      <AllowDiscount>1</AllowDiscount>
      <ItemStatus/>
    </Item>
    <Item>
      <PriceUpdateTime>2025-09-03T09:03:14.000</PriceUpdateTime>
      <ItemCode>7290015348089</ItemCode>
      <LastSaleDateTime>2015-01-01T00:00:00.000</LastSaleDateTime>
      <ItemType>1</ItemType>
      <ItemName>למברוסקו אמיליאנו אד</ItemName>
      <ManufactureName>טמפו</ManufactureName>
      <ManufactureCountry>ישראל</ManufactureCountry>
      <ManufactureItemDescription>למברוסקו אמיליאנו אדום 75</ManufactureItemDescription>
      <UnitQty>לא ידוע</UnitQty>
      <Quantity>750.00</Quantity>
      <UnitOfMeasure>100 מ"ל</UnitOfMeasure>
      <bIsWeighted>0</bIsWeighted>
      <QtyInPackage>לא ידוע</QtyInPackage>
      <ItemPrice>29.90</ItemPrice>
      <UnitOfMeasurePrice>0.04</UnitOfMeasurePrice>
      <AllowDiscount>1</AllowDiscount>
      <ItemStatus>2</ItemStatus>
    </Item>
    <Item>
      <PriceUpdateTime>2025-09-03T09:03:14.000</PriceUpdateTime>
      <ItemCode>7290015348089</ItemCode>
      <LastSaleDateTime>2015-01-01T00:00:00.000</LastSaleDateTime>
      <ItemType>1</ItemType>
      <ItemName>למברוסקו אמיליאנו אד</ItemName>
      <ManufactureName>טמפו</ManufactureName>
      <ManufactureCountry>ישראל</ManufactureCountry>
      <ManufactureItemDescription>למברוסקו אמיליאנו אדום 75</ManufactureItemDescription>
      <UnitQty>לא ידוע</UnitQty>
      <Quantity>750.00</Quantity>
      <UnitOfMeasure>100 מ"ל</UnitOfMeasure>
      <bIsWeighted>0</bIsWeighted>
      <QtyInPackage>לא ידוע</QtyInPackage>
      <ItemPrice>29.90</ItemPrice>
      <UnitOfMeasurePrice>0.04</UnitOfMeasurePrice>
      <AllowDiscount>1</AllowDiscount>
      <ItemStatus/>
    </Item>
    <Item>
      <PriceUpdateTime>2025-09-03T09:03:14.000</PriceUpdateTime>
      <ItemCode>7290015348096</ItemCode>
      <LastSaleDateTime>2015-01-01T00:00:00.000</LastSaleDateTime>
      <ItemType>1</ItemType>
      <ItemName>למברוסקו אמיליאנו רו</ItemName>
      <ManufactureName>טמפו</ManufactureName>
      <ManufactureCountry>ישראל</ManufactureCountry>
      <ManufactureItemDescription>למברוסקו אמיליאנו רוזה 75</ManufactureItemDescription>
      <UnitQty>לא ידוע</UnitQty>
      <Quantity>750.00</Quantity>
      <UnitOfMeasure>100 מ"ל</UnitOfMeasure>
      <bIsWeighted>0</bIsWeighted>
      <QtyInPackage>לא ידוע</QtyInPackage>
      <ItemPrice>29.90</ItemPrice>
      <UnitOfMeasurePrice>0.04</UnitOfMeasurePrice>
      <AllowDiscount>1</AllowDiscount>
      <ItemStatus>2</ItemStatus>
    </Item>
    <Item>
      <PriceUpdateTime>2025-09-03T09:03:14.000</PriceUpdateTime>
      <ItemCode>7290015348096</ItemCode>
      <LastSaleDateTime>2015-01-01T00:00:00.000</LastSaleDateTime>
      <ItemType>1</ItemType>
      <ItemName>למברוסקו אמיליאנו רו</ItemName>
      <ManufactureName>טמפו</ManufactureName>
      <ManufactureCountry>ישראל</ManufactureCountry>
      <ManufactureItemDescription>למברוסקו אמיליאנו רוזה 75</ManufactureItemDescription>
      <UnitQty>לא ידוע</UnitQty>
      <Quantity>750.00</Quantity>
      <UnitOfMeasure>100 מ"ל</UnitOfMeasure>
      <bIsWeighted>0</bIsWeighted>
      <QtyInPackage>לא ידוע</QtyInPackage>
      <ItemPrice>29.90</ItemPrice>
      <UnitOfMeasurePrice>0.04</UnitOfMeasurePrice>
      <AllowDiscount>1</AllowDiscount>
      <ItemStatus/>
    </Item>
    <Item>
      <PriceUpdateTime>2025-09-03T09:03:14.000</PriceUpdateTime>
      <ItemCode>8023354378115</ItemCode>
      <LastSaleDateTime>2015-01-01T00:00:00.000</LastSaleDateTime>
      <ItemType>1</ItemType>
      <ItemName>יין רוזה טיאמו 750 מ</ItemName>
      <ManufactureName>לא ידוע</ManufactureName>
      <ManufactureCountry>לא ידוע</ManufactureCountry>
      <ManufactureItemDescription>יין רוזה טיאמו 750 מ</ManufactureItemDescription>
      <UnitQty>לא ידוע</UnitQty>
      <Quantity>750.00</Quantity>
      <UnitOfMeasure>100 מ"ל</UnitOfMeasure>
      <bIsWeighted>0</bIsWeighted>
      <QtyInPackage>לא ידוע</QtyInPackage>
      <ItemPrice>49.90</ItemPrice>
      <UnitOfMeasurePrice>0.07</UnitOfMeasurePrice>
      <AllowDiscount>1</AllowDiscount>
      <ItemStatus>2</ItemStatus>
    </Item>
    <Item>
      <PriceUpdateTime>2025-09-03T09:03:14.000</PriceUpdateTime>
      <ItemCode>8023354378115</ItemCode>
      <LastSaleDateTime>2015-01-01T00:00:00.000</LastSaleDateTime>
      <ItemType>1</ItemType>
      <ItemName>יין רוזה טיאמו 750 מ</ItemName>
      <ManufactureName>לא ידוע</ManufactureName>
      <ManufactureCountry>לא ידוע</ManufactureCountry>
      <ManufactureItemDescription>יין רוזה טיאמו 750 מ</ManufactureItemDescription>
      <UnitQty>לא ידוע</UnitQty>
      <Quantity>750.00</Quantity>
      <UnitOfMeasure>100 מ"ל</UnitOfMeasure>
      <bIsWeighted>0</bIsWeighted>
      <QtyInPackage>לא ידוע</QtyInPackage>
      <ItemPrice>49.90</ItemPrice>
      <UnitOfMeasurePrice>0.07</UnitOfMeasurePrice>
      <AllowDiscount>1</AllowDiscount>
      <ItemStatus/>
    </Item>
    <Item>
      <PriceUpdateTime>2025-09-03T09:03:29.000</PriceUpdateTime>
      <ItemCode>3600541928275</ItemCode>
      <LastSaleDateTime>2026-01-29T18:03:51.000</LastSaleDateTime>
      <ItemType>1</ItemType>
      <ItemName>גרנייה מים מיסלריים</ItemName>
      <ManufactureName>גרנייה</ManufactureName>
      <ManufactureCountry>לא ידוע</ManufactureCountry>
      <ManufactureItemDescription>גרנייה מים מיסלריים</ManufactureItemDescription>
      <UnitQty>לא ידוע</UnitQty>
      <Quantity>400.00</Quantity>
      <UnitOfMeasure>100 מ"ל</UnitOfMeasure>
      <bIsWeighted>0</bIsWeighted>
      <QtyInPackage>לא ידוע</QtyInPackage>
      <ItemPrice>31.90</ItemPrice>
      <UnitOfMeasurePrice>0.08</UnitOfMeasurePrice>
      <AllowDiscount>1</AllowDiscount>
      <ItemStatus/>
    </Item>
    <Item>
      <PriceUpdateTime>2025-09-04T09:32:33.000</PriceUpdateTime>
      <ItemCode>7290120120273</ItemCode>
      <LastSaleDateTime>2026-01-29T19:15:11.000</LastSaleDateTime>
      <ItemType>1</ItemType>
      <ItemName>כוס שעם רב פעמית 480</ItemName>
      <ManufactureName>לא ידוע</ManufactureName>
      <ManufactureCountry>לא ידוע</ManufactureCountry>
      <ManufactureItemDescription>כוס שעם רב פעמית 480</ManufactureItemDescription>
      <UnitQty>לא ידוע</UnitQty>
      <Quantity>1.00</Quantity>
      <UnitOfMeasure>יח'</UnitOfMeasure>
      <bIsWeighted>0</bIsWeighted>
      <QtyInPackage>לא ידוע</QtyInPackage>
      <ItemPrice>15.90</ItemPrice>
      <UnitOfMeasurePrice>15.90</UnitOfMeasurePrice>
      <AllowDiscount>1</AllowDiscount>
      <ItemStatus/>
    </Item>
    <Item>
      <PriceUpdateTime>2025-09-04T13:52:15.000</PriceUpdateTime>
      <ItemCode>7290019401773</ItemCode>
      <LastSaleDateTime>2026-01-28T16:05:49.000</LastSaleDateTime>
      <ItemType>1</ItemType>
      <ItemName>חטיף פרוטאין מקס ציפ</ItemName>
      <ManufactureName>לא ידוע</ManufactureName>
      <ManufactureCountry>לא ידוע</ManufactureCountry>
      <ManufactureItemDescription>חטיף פרוטאין מקס ציפ</ManufactureItemDescription>
      <UnitQty>גרם</UnitQty>
      <Quantity>72.00</Quantity>
      <UnitOfMeasure>100 גרם</UnitOfMeasure>
      <bIsWeighted>0</bIsWeighted>
      <QtyInPackage>לא ידוע</QtyInPackage>
      <ItemPrice>18.90</ItemPrice>
      <UnitOfMeasurePrice>26.25</UnitOfMeasurePrice>
      <AllowDiscount>1</AllowDiscount>
      <ItemStatus/>
    </Item>
    <Item>
      <PriceUpdateTime>2025-09-04T13:52:15.000</PriceUpdateTime>
      <ItemCode>7290019401780</ItemCode>
      <LastSaleDateTime>2026-01-22T16:54:35.000</LastSaleDateTime>
      <ItemType>1</ItemType>
      <ItemName>חטיף פרוטאין מקס ציפ</ItemName>
      <ManufactureName>לא ידוע</ManufactureName>
      <ManufactureCountry>לא ידוע</ManufactureCountry>
      <ManufactureItemDescription>חטיף פרוטאין מקס ציפ</ManufactureItemDescription>
      <UnitQty>גרם</UnitQty>
      <Quantity>72.00</Quantity>
      <UnitOfMeasure>100 גרם</UnitOfMeasure>
      <bIsWeighted>0</bIsWeighted>
      <QtyInPackage>לא ידוע</QtyInPackage>
      <ItemPrice>18.90</ItemPrice>
      <UnitOfMeasurePrice>26.25</UnitOfMeasurePrice>
      <AllowDiscount>1</AllowDiscount>
      <ItemStatus/>
    </Item>
    <Item>
      <PriceUpdateTime>2025-09-10T13:01:13.000</PriceUpdateTime>
      <ItemCode>7290019170808</ItemCode>
      <LastSaleDateTime>2025-11-04T00:00:00.000</LastSaleDateTime>
      <ItemType>1</ItemType>
      <ItemName>דבש טהור 1 ק"ג רמי ל</ItemName>
      <ManufactureName>לא ידוע</ManufactureName>
      <ManufactureCountry>לא ידוע</ManufactureCountry>
      <ManufactureItemDescription>דבש טהור 1 ק"ג רמי ל</ManufactureItemDescription>
      <UnitQty>קילוגרמים</UnitQty>
      <Quantity>1.00</Quantity>
      <UnitOfMeasure>100 ק"ג</UnitOfMeasure>
      <bIsWeighted>0</bIsWeighted>
      <QtyInPackage>לא ידוע</QtyInPackage>
      <ItemPrice>17.80</ItemPrice>
      <UnitOfMeasurePrice>17.80</UnitOfMeasurePrice>
      <AllowDiscount>1</AllowDiscount>
      <ItemStatus/>
    </Item>
    <Item>
      <PriceUpdateTime>2025-09-16T08:45:44.000</PriceUpdateTime>
      <ItemCode>7290000363202</ItemCode>
      <LastSaleDateTime>2026-01-28T09:43:58.000</LastSaleDateTime>
      <ItemType>1</ItemType>
      <ItemName>נקניק סלמי גליל טירת</ItemName>
      <ManufactureName>תנובה</ManufactureName>
      <ManufactureCountry>לא ידוע</ManufactureCountry>
      <ManufactureItemDescription>נקניק סלמי גליל טירת</ManufactureItemDescription>
      <UnitQty>גרם</UnitQty>
      <Quantity>600.00</Quantity>
      <UnitOfMeasure>100 גרם</UnitOfMeasure>
      <bIsWeighted>0</bIsWeighted>
      <QtyInPackage>לא ידוע</QtyInPackage>
      <ItemPrice>35.90</ItemPrice>
      <UnitOfMeasurePrice>5.98</UnitOfMeasurePrice>
      <AllowDiscount>1</AllowDiscount>
      <ItemStatus/>
    </Item>
    <Item>
      <PriceUpdateTime>2025-09-16T08:45:44.000</PriceUpdateTime>
      <ItemCode>7290000046327</ItemCode>
      <LastSaleDateTime>2026-01-22T16:43:32.000</LastSaleDateTime>
      <ItemType>1</ItemType>
      <ItemName>גבינה צהובה גלבוע 22</ItemName>
      <ManufactureName>תנובה</ManufactureName>
      <ManufactureCountry>לא ידוע</ManufactureCountry>
      <ManufactureItemDescription>גבינה צהובה גלבוע 22</ManufactureItemDescription>
      <UnitQty>גרם</UnitQty>
      <Quantity>200.00</Quantity>
      <UnitOfMeasure>100 גרם</UnitOfMeasure>
      <bIsWeighted>0</bIsWeighted>
      <QtyInPackage>לא ידוע</QtyInPackage>
      <ItemPrice>14.60</ItemPrice>
      <UnitOfMeasurePrice>7.30</UnitOfMeasurePrice>
      <AllowDiscount>1</AllowDiscount>
      <ItemStatus/>
    </Item>
    <Item>
      <PriceUpdateTime>2025-09-16T08:45:44.000</PriceUpdateTime>
      <ItemCode>7290004122676</ItemCode>
      <LastSaleDateTime>2026-01-22T17:32:23.000</LastSaleDateTime>
      <ItemType>1</ItemType>
      <ItemName>חמד פיראוס 5% שומן 2</ItemName>
      <ManufactureName>תנובה</ManufactureName>
      <ManufactureCountry>לא ידוע</ManufactureCountry>
      <ManufactureItemDescription>חמד פיראוס 5% שומן 2</ManufactureItemDescription>
      <UnitQty>גרם</UnitQty>
      <Quantity>250.00</Quantity>
      <UnitOfMeasure>100 גרם</UnitOfMeasure>
      <bIsWeighted>0</bIsWeighted>
      <QtyInPackage>לא ידוע</QtyInPackage>
      <ItemPrice>20.90</ItemPrice>
      <UnitOfMeasurePrice>8.36</UnitOfMeasurePrice>
      <AllowDiscount>1</AllowDiscount>
      <ItemStatus/>
    </Item>
    <Item>
      <PriceUpdateTime>2025-09-16T08:45:44.000</PriceUpdateTime>
      <ItemCode>7290004132606</ItemCode>
      <LastSaleDateTime>2026-01-28T23:10:31.000</LastSaleDateTime>
      <ItemType>1</ItemType>
      <ItemName>מעדן קרלו מיני וניל</ItemName>
      <ManufactureName>תנובה</ManufactureName>
      <ManufactureCountry>לא ידוע</ManufactureCountry>
      <ManufactureItemDescription>מעדן קרלו מיני וניל</ManufactureItemDescription>
      <UnitQty>לא ידוע</UnitQty>
      <Quantity>800.00</Quantity>
      <UnitOfMeasure>100 מ"ל</UnitOfMeasure>
      <bIsWeighted>0</bIsWeighted>
      <QtyInPackage>לא ידוע</QtyInPackage>
      <ItemPrice>15.90</ItemPrice>
      <UnitOfMeasurePrice>0.02</UnitOfMeasurePrice>
      <AllowDiscount>1</AllowDiscount>
      <ItemStatus/>
    </Item>
    <Item>
      <PriceUpdateTime>2025-09-16T08:45:45.000</PriceUpdateTime>
      <ItemCode>7290012645020</ItemCode>
      <LastSaleDateTime>2026-01-22T10:45:05.000</LastSaleDateTime>
      <ItemType>1</ItemType>
      <ItemName>יוגורט עיזים טבעי 50</ItemName>
      <ManufactureName>לא ידוע</ManufactureName>
      <ManufactureCountry>לא ידוע</ManufactureCountry>
      <ManufactureItemDescription>יוגורט עיזים טבעי 50</ManufactureItemDescription>
      <UnitQty>לא ידוע</UnitQty>
      <Quantity>500.00</Quantity>
      <UnitOfMeasure>100 מ"ל</UnitOfMeasure>
      <bIsWeighted>0</bIsWeighted>
      <QtyInPackage>לא ידוע</QtyInPackage>
      <ItemPrice>12.90</ItemPrice>
      <UnitOfMeasurePrice>0.03</UnitOfMeasurePrice>
      <AllowDiscount>1</AllowDiscount>
      <ItemStatus/>
    </Item>
    <Item>
      <PriceUpdateTime>2025-09-16T08:49:27.000</PriceUpdateTime>
      <ItemCode>7290011378028</ItemCode>
      <LastSaleDateTime>2026-01-22T13:02:51.000</LastSaleDateTime>
      <ItemType>1</ItemType>
      <ItemName>חלבה קלאסית וניל ללא</ItemName>
      <ManufactureName>בארכה</ManufactureName>
      <ManufactureCountry>לא ידוע</ManufactureCountry>
      <ManufactureItemDescription>חלבה קלאסית וניל ללא</ManufactureItemDescription>
      <UnitQty>גרם</UnitQty>
      <Quantity>350.00</Quantity>
      <UnitOfMeasure>100 גרם</UnitOfMeasure>
      <bIsWeighted>0</bIsWeighted>
      <QtyInPackage>לא ידוע</QtyInPackage>
      <ItemPrice>16.90</ItemPrice>
      <UnitOfMeasurePrice>4.83</UnitOfMeasurePrice>
      <AllowDiscount>1</AllowDiscount>
      <ItemStatus/>
    </Item>
    <Item>
      <PriceUpdateTime>2025-09-16T08:49:27.000</PriceUpdateTime>
      <ItemCode>7290011378233</ItemCode>
      <LastSaleDateTime>2026-01-29T16:52:23.000</LastSaleDateTime>
      <ItemType>1</ItemType>
      <ItemName>מאגדת חטיפי חלבה באר</ItemName>
      <ManufactureName>בארכה</ManufactureName>
      <ManufactureCountry>לא ידוע</ManufactureCountry>
      <ManufactureItemDescription>מאגדת חטיפי חלבה באר</ManufactureItemDescription>
      <UnitQty>גרם</UnitQty>
      <Quantity>126.00</Quantity>
      <UnitOfMeasure>100 גרם</UnitOfMeasure>
      <bIsWeighted>0</bIsWeighted>
      <QtyInPackage>לא ידוע</QtyInPackage>
      <ItemPrice>11.90</ItemPrice>
      <UnitOfMeasurePrice>9.44</UnitOfMeasurePrice>
      <AllowDiscount>1</AllowDiscount>
      <ItemStatus/>
    </Item>
    <Item>
      <PriceUpdateTime>2025-09-16T08:49:33.000</PriceUpdateTime>
      <ItemCode>7290119950126</ItemCode>
      <LastSaleDateTime>2026-01-29T12:10:12.000</LastSaleDateTime>
      <ItemType>1</ItemType>
      <ItemName>נקניקיות לנדייגר 600</ItemName>
      <ManufactureName>לא ידוע</ManufactureName>
      <ManufactureCountry>לא ידוע</ManufactureCountry>
      <ManufactureItemDescription>נקניקיות לנדייגר 600</ManufactureItemDescription>
      <UnitQty>גרם</UnitQty>
      <Quantity>600.00</Quantity>
      <UnitOfMeasure>100 גרם</UnitOfMeasure>
      <bIsWeighted>0</bIsWeighted>
      <QtyInPackage>לא ידוע</QtyInPackage>
      <ItemPrice>53.90</ItemPrice>
      <UnitOfMeasurePrice>8.98</UnitOfMeasurePrice>
      <AllowDiscount>1</AllowDiscount>
      <ItemStatus/>
    </Item>
    <Item>
      <PriceUpdateTime>2025-09-16T08:49:38.000</PriceUpdateTime>
      <ItemCode>7290001407844</ItemCode>
      <LastSaleDateTime>2026-01-22T13:46:43.000</LastSaleDateTime>
      <ItemType>1</ItemType>
      <ItemName>חלבה קלאסית בטעם וני</ItemName>
      <ManufactureName>בארכה</ManufactureName>
      <ManufactureCountry>לא ידוע</ManufactureCountry>
      <ManufactureItemDescription>חלבה קלאסית בטעם וני</ManufactureItemDescription>
      <UnitQty>גרם</UnitQty>
      <Quantity>350.00</Quantity>
      <UnitOfMeasure>100 גרם</UnitOfMeasure>
      <bIsWeighted>0</bIsWeighted>
      <QtyInPackage>לא ידוע</QtyInPackage>
      <ItemPrice>14.90</ItemPrice>
      <UnitOfMeasurePrice>4.26</UnitOfMeasurePrice>
      <AllowDiscount>1</AllowDiscount>
      <ItemStatus/>
    </Item>
    <Item>
      <PriceUpdateTime>2025-09-16T08:49:38.000</PriceUpdateTime>
      <ItemCode>7290011378776</ItemCode>
      <LastSaleDateTime>2026-01-22T18:41:51.000</LastSaleDateTime>
      <ItemType>1</ItemType>
      <ItemName>מאגדת חטיפי חלבה באר</ItemName>
      <ManufactureName>בארכה</ManufactureName>
      <ManufactureCountry>לא ידוע</ManufactureCountry>
      <ManufactureItemDescription>מאגדת חטיפי חלבה באר</ManufactureItemDescription>
      <UnitQty>גרם</UnitQty>
      <Quantity>126.00</Quantity>
      <UnitOfMeasure>100 גרם</UnitOfMeasure>
      <bIsWeighted>0</bIsWeighted>
      <QtyInPackage>לא ידוע</QtyInPackage>
      <ItemPrice>11.90</ItemPrice>
      <UnitOfMeasurePrice>9.44</UnitOfMeasurePrice>
      <AllowDiscount>1</AllowDiscount>
      <ItemStatus/>
    </Item>
    <Item>
      <PriceUpdateTime>2025-09-16T08:49:42.000</PriceUpdateTime>
      <ItemCode>7290004136598</ItemCode>
      <LastSaleDateTime>2026-01-29T16:36:39.000</LastSaleDateTime>
      <ItemType>1</ItemType>
      <ItemName>מארז הפסקת אוכל תנוב</ItemName>
      <ManufactureName>תנובה</ManufactureName>
      <ManufactureCountry>לא ידוע</ManufactureCountry>
      <ManufactureItemDescription>מארז הפסקת אוכל תנוב</ManufactureItemDescription>
      <UnitQty>לא ידוע</UnitQty>
      <Quantity>150.00</Quantity>
      <UnitOfMeasure>100 מ"ל</UnitOfMeasure>
      <bIsWeighted>0</bIsWeighted>
      <QtyInPackage>לא ידוע</QtyInPackage>
      <ItemPrice>10.70</ItemPrice>
      <UnitOfMeasurePrice>0.07</UnitOfMeasurePrice>
      <AllowDiscount>1</AllowDiscount>
      <ItemStatus/>
    </Item>
    <Item>
      <PriceUpdateTime>2025-09-16T08:49:42.000</PriceUpdateTime>
      <ItemCode>5900020039590</ItemCode>
      <LastSaleDateTime>2026-01-28T17:43:44.000</LastSaleDateTime>
      <ItemType>1</ItemType>
      <ItemName>פיטנס חטיף דגנים קלא</ItemName>
      <ManufactureName>לא ידוע</ManufactureName>
      <ManufactureCountry>לא ידוע</ManufactureCountry>
      <ManufactureItemDescription>פיטנס חטיף דגנים קלא</ManufactureItemDescription>
      <UnitQty>גרם</UnitQty>
      <Quantity>141.00</Quantity>
      <UnitOfMeasure>100 גרם</UnitOfMeasure>
      <bIsWeighted>0</bIsWeighted>
      <QtyInPackage>לא ידוע</QtyInPackage>
      <ItemPrice>15.90</ItemPrice>
      <UnitOfMeasurePrice>11.28</UnitOfMeasurePrice>
      <AllowDiscount>1</AllowDiscount>
      <ItemStatus/>
    </Item>
    <Item>
      <PriceUpdateTime>2025-09-16T08:50:04.000</PriceUpdateTime>
      <ItemCode>4800888219527</ItemCode>
      <LastSaleDateTime>2026-01-29T19:05:43.000</LastSaleDateTime>
      <ItemType>1</ItemType>
      <ItemName>דאב דאו סטיק אינוויז</ItemName>
      <ManufactureName>לא ידוע</ManufactureName>
      <ManufactureCountry>לא ידוע</ManufactureCountry>
      <ManufactureItemDescription>דאב דאו סטיק אינוויז</ManufactureItemDescription>
      <UnitQty>לא ידוע</UnitQty>
      <Quantity>1.00</Quantity>
      <UnitOfMeasure>יח'</UnitOfMeasure>
      <bIsWeighted>0</bIsWeighted>
      <QtyInPackage>לא ידוע</QtyInPackage>
      <ItemPrice>17.90</ItemPrice>
      <UnitOfMeasurePrice>17.90</UnitOfMeasurePrice>
      <AllowDiscount>1</AllowDiscount>
      <ItemStatus/>
    </Item>
    <Item>
      <PriceUpdateTime>2025-09-16T09:33:16.000</PriceUpdateTime>
      <ItemCode>7290011018474</ItemCode>
      <LastSaleDateTime>2026-01-25T16:40:16.000</LastSaleDateTime>
      <ItemType>1</ItemType>
      <ItemName>סומרסבי סיידר בק' 33</ItemName>
      <ManufactureName>החברה המרכזית</ManufactureName>
      <ManufactureCountry>לא ידוע</ManufactureCountry>
      <ManufactureItemDescription>סומרסבי סיידר בק' 33</ManufactureItemDescription>
      <UnitQty>לא ידוע</UnitQty>
      <Quantity>330.00</Quantity>
      <UnitOfMeasure>100 מ"ל</UnitOfMeasure>
      <bIsWeighted>0</bIsWeighted>
      <QtyInPackage>לא ידוע</QtyInPackage>
      <ItemPrice>9.90</ItemPrice>
      <UnitOfMeasurePrice>0.03</UnitOfMeasurePrice>
      <AllowDiscount>1</AllowDiscount>
      <ItemStatus/>
    </Item>
    <Item>
      <PriceUpdateTime>2025-09-16T09:33:16.000</PriceUpdateTime>
      <ItemCode>7290110116750</ItemCode>
      <LastSaleDateTime>2026-01-27T17:48:14.000</LastSaleDateTime>
      <ItemType>1</ItemType>
      <ItemName>סומרסבי אוכמניות בקב</ItemName>
      <ManufactureName>לא ידוע</ManufactureName>
      <ManufactureCountry>לא ידוע</ManufactureCountry>
      <ManufactureItemDescription>סומרסבי אוכמניות בקב</ManufactureItemDescription>
      <UnitQty>מטרים</UnitQty>
      <Quantity>330.00</Quantity>
      <UnitOfMeasure>100 מ'ל</UnitOfMeasure>
      <bIsWeighted>0</bIsWeighted>
      <QtyInPackage>לא ידוע</QtyInPackage>
      <ItemPrice>9.90</ItemPrice>
      <UnitOfMeasurePrice>0.03</UnitOfMeasurePrice>
      <AllowDiscount>1</AllowDiscount>
      <ItemStatus/>
    </Item>
    <Item>
      <PriceUpdateTime>2025-09-17T10:09:06.000</PriceUpdateTime>
      <ItemCode>7290015781107</ItemCode>
      <LastSaleDateTime>2015-01-01T00:00:00.000</LastSaleDateTime>
      <ItemType>1</ItemType>
      <ItemName>סנגובזה אימפרשן 750</ItemName>
      <ManufactureName>טפרברג</ManufactureName>
      <ManufactureCountry>לא ידוע</ManufactureCountry>
      <ManufactureItemDescription>סנגובזה אימפרשן 750</ManufactureItemDescription>
      <UnitQty>לא ידוע</UnitQty>
      <Quantity>750.00</Quantity>
      <UnitOfMeasure>100 מ"ל</UnitOfMeasure>
      <bIsWeighted>0</bIsWeighted>
      <QtyInPackage>לא ידוע</QtyInPackage>
      <ItemPrice>48.80</ItemPrice>
      <UnitOfMeasurePrice>0.07</UnitOfMeasurePrice>
      <AllowDiscount>1</AllowDiscount>
      <ItemStatus>2</ItemStatus>
    </Item>
    <Item>
      <PriceUpdateTime>2025-09-17T10:09:06.000</PriceUpdateTime>
      <ItemCode>7290015781107</ItemCode>
      <LastSaleDateTime>2015-01-01T00:00:00.000</LastSaleDateTime>
      <ItemType>1</ItemType>
      <ItemName>סנגובזה אימפרשן 750</ItemName>
      <ManufactureName>טפרברג</ManufactureName>
      <ManufactureCountry>לא ידוע</ManufactureCountry>
      <ManufactureItemDescription>סנגובזה אימפרשן 750</ManufactureItemDescription>
      <UnitQty>לא ידוע</UnitQty>
      <Quantity>750.00</Quantity>
      <UnitOfMeasure>100 מ"ל</UnitOfMeasure>
      <bIsWeighted>0</bIsWeighted>
      <QtyInPackage>לא ידוע</QtyInPackage>
      <ItemPrice>48.80</ItemPrice>
      <UnitOfMeasurePrice>0.07</UnitOfMeasurePrice>
      <AllowDiscount>1</AllowDiscount>
      <ItemStatus/>
    </Item>
    <Item>
      <PriceUpdateTime>2025-09-17T10:09:06.000</PriceUpdateTime>
      <ItemCode>7290015781114</ItemCode>
      <LastSaleDateTime>2015-01-01T00:00:00.000</LastSaleDateTime>
      <ItemType>1</ItemType>
      <ItemName>מרלו אימפרשן 750 מ''</ItemName>
      <ManufactureName>טפרברג</ManufactureName>
      <ManufactureCountry>לא ידוע</ManufactureCountry>
      <ManufactureItemDescription>מרלו אימפרשן 750 מ''</ManufactureItemDescription>
      <UnitQty>לא ידוע</UnitQty>
      <Quantity>750.00</Quantity>
      <UnitOfMeasure>100 מ"ל</UnitOfMeasure>
      <bIsWeighted>0</bIsWeighted>
      <QtyInPackage>לא ידוע</QtyInPackage>
      <ItemPrice>48.80</ItemPrice>
      <UnitOfMeasurePrice>0.07</UnitOfMeasurePrice>
      <AllowDiscount>1</AllowDiscount>
      <ItemStatus>2</ItemStatus>
    </Item>
    <Item>
      <PriceUpdateTime>2025-09-17T10:09:06.000</PriceUpdateTime>
      <ItemCode>7290015781114</ItemCode>
      <LastSaleDateTime>2015-01-01T00:00:00.000</LastSaleDateTime>
      <ItemType>1</ItemType>
      <ItemName>מרלו אימפרשן 750 מ''</ItemName>
      <ManufactureName>טפרברג</ManufactureName>
      <ManufactureCountry>לא ידוע</ManufactureCountry>
      <ManufactureItemDescription>מרלו אימפרשן 750 מ''</ManufactureItemDescription>
      <UnitQty>לא ידוע</UnitQty>
      <Quantity>750.00</Quantity>
      <UnitOfMeasure>100 מ"ל</UnitOfMeasure>
      <bIsWeighted>0</bIsWeighted>
      <QtyInPackage>לא ידוע</QtyInPackage>
      <ItemPrice>48.80</ItemPrice>
      <UnitOfMeasurePrice>0.07</UnitOfMeasurePrice>
      <AllowDiscount>1</AllowDiscount>
      <ItemStatus/>
    </Item>
    <Item>
      <PriceUpdateTime>2025-09-17T10:09:06.000</PriceUpdateTime>
      <ItemCode>7290015781121</ItemCode>
      <LastSaleDateTime>2015-01-01T00:00:00.000</LastSaleDateTime>
      <ItemType>1</ItemType>
      <ItemName>קברנה סובניון אימפרש</ItemName>
      <ManufactureName>טפרברג</ManufactureName>
      <ManufactureCountry>לא ידוע</ManufactureCountry>
      <ManufactureItemDescription>קברנה סובניון אימפרש</ManufactureItemDescription>
      <UnitQty>לא ידוע</UnitQty>
      <Quantity>750.00</Quantity>
      <UnitOfMeasure>100 מ"ל</UnitOfMeasure>
      <bIsWeighted>0</bIsWeighted>
      <QtyInPackage>לא ידוע</QtyInPackage>
      <ItemPrice>48.80</ItemPrice>
      <UnitOfMeasurePrice>0.07</UnitOfMeasurePrice>
      <AllowDiscount>1</AllowDiscount>
      <ItemStatus>2</ItemStatus>
    </Item>
    <Item>
      <PriceUpdateTime>2025-09-17T10:09:06.000</PriceUpdateTime>
      <ItemCode>7290015781121</ItemCode>
      <LastSaleDateTime>2015-01-01T00:00:00.000</LastSaleDateTime>
      <ItemType>1</ItemType>
      <ItemName>קברנה סובניון אימפרש</ItemName>
      <ManufactureName>טפרברג</ManufactureName>
      <ManufactureCountry>לא ידוע</ManufactureCountry>
      <ManufactureItemDescription>קברנה סובניון אימפרש</ManufactureItemDescription>
      <UnitQty>לא ידוע</UnitQty>
      <Quantity>750.00</Quantity>
      <UnitOfMeasure>100 מ"ל</UnitOfMeasure>
      <bIsWeighted>0</bIsWeighted>
      <QtyInPackage>לא ידוע</QtyInPackage>
      <ItemPrice>48.80</ItemPrice>
      <UnitOfMeasurePrice>0.07</UnitOfMeasurePrice>
      <AllowDiscount>1</AllowDiscount>
      <ItemStatus/>
    </Item>
    <Item>
      <PriceUpdateTime>2025-09-17T10:09:06.000</PriceUpdateTime>
      <ItemCode>7290015781138</ItemCode>
      <LastSaleDateTime>2015-01-01T00:00:00.000</LastSaleDateTime>
      <ItemType>1</ItemType>
      <ItemName>שרדונה אימפרשן</ItemName>
      <ManufactureName>טפרברג</ManufactureName>
      <ManufactureCountry>לא ידוע</ManufactureCountry>
      <ManufactureItemDescription>שרדונה אימפרשן</ManufactureItemDescription>
      <UnitQty>לא ידוע</UnitQty>
      <Quantity>750.00</Quantity>
      <UnitOfMeasure>100 מ"ל</UnitOfMeasure>
      <bIsWeighted>0</bIsWeighted>
      <QtyInPackage>לא ידוע</QtyInPackage>
      <ItemPrice>48.80</ItemPrice>
      <UnitOfMeasurePrice>0.07</UnitOfMeasurePrice>
      <AllowDiscount>1</AllowDiscount>
      <ItemStatus>2</ItemStatus>
    </Item>
    <Item>
      <PriceUpdateTime>2025-09-17T10:09:06.000</PriceUpdateTime>
      <ItemCode>7290015781138</ItemCode>
      <LastSaleDateTime>2015-01-01T00:00:00.000</LastSaleDateTime>
      <ItemType>1</ItemType>
      <ItemName>שרדונה אימפרשן</ItemName>
      <ManufactureName>טפרברג</ManufactureName>
      <ManufactureCountry>לא ידוע</ManufactureCountry>
      <ManufactureItemDescription>שרדונה אימפרשן</ManufactureItemDescription>
      <UnitQty>לא ידוע</UnitQty>
      <Quantity>750.00</Quantity>
      <UnitOfMeasure>100 מ"ל</UnitOfMeasure>
      <bIsWeighted>0</bIsWeighted>
      <QtyInPackage>לא ידוע</QtyInPackage>
      <ItemPrice>48.80</ItemPrice>
      <UnitOfMeasurePrice>0.07</UnitOfMeasurePrice>
      <AllowDiscount>1</AllowDiscount>
      <ItemStatus/>
    </Item>
    <Item>
      <PriceUpdateTime>2025-09-17T10:09:06.000</PriceUpdateTime>
      <ItemCode>7290015781152</ItemCode>
      <LastSaleDateTime>2015-01-01T00:00:00.000</LastSaleDateTime>
      <ItemType>1</ItemType>
      <ItemName>רוזה אימפרשן 750 מ''</ItemName>
      <ManufactureName>טפרברג</ManufactureName>
      <ManufactureCountry>לא ידוע</ManufactureCountry>
      <ManufactureItemDescription>רוזה אימפרשן 750 מ''</ManufactureItemDescription>
      <UnitQty>לא ידוע</UnitQty>
      <Quantity>750.00</Quantity>
      <UnitOfMeasure>100 מ"ל</UnitOfMeasure>
      <bIsWeighted>0</bIsWeighted>
      <QtyInPackage>לא ידוע</QtyInPackage>
      <ItemPrice>48.80</ItemPrice>
      <UnitOfMeasurePrice>0.07</UnitOfMeasurePrice>
      <AllowDiscount>1</AllowDiscount>
      <ItemStatus>2</ItemStatus>
    </Item>
    <Item>
      <PriceUpdateTime>2025-09-17T10:09:06.000</PriceUpdateTime>
      <ItemCode>7290015781152</ItemCode>
      <LastSaleDateTime>2015-01-01T00:00:00.000</LastSaleDateTime>
      <ItemType>1</ItemType>
      <ItemName>רוזה אימפרשן 750 מ''</ItemName>
      <ManufactureName>טפרברג</ManufactureName>
      <ManufactureCountry>לא ידוע</ManufactureCountry>
      <ManufactureItemDescription>רוזה אימפרשן 750 מ''</ManufactureItemDescription>
      <UnitQty>לא ידוע</UnitQty>
      <Quantity>750.00</Quantity>
      <UnitOfMeasure>100 מ"ל</UnitOfMeasure>
      <bIsWeighted>0</bIsWeighted>
      <QtyInPackage>לא ידוע</QtyInPackage>
      <ItemPrice>48.80</ItemPrice>
      <UnitOfMeasurePrice>0.07</UnitOfMeasurePrice>
      <AllowDiscount>1</AllowDiscount>
      <ItemStatus/>
    </Item>
    <Item>
      <PriceUpdateTime>2025-09-17T10:09:06.000</PriceUpdateTime>
      <ItemCode>7290015781169</ItemCode>
      <LastSaleDateTime>2015-01-01T00:00:00.000</LastSaleDateTime>
      <ItemType>1</ItemType>
      <ItemName>אדום חצי יבש אימפרשן</ItemName>
      <ManufactureName>טפרברג</ManufactureName>
      <ManufactureCountry>לא ידוע</ManufactureCountry>
      <ManufactureItemDescription>אדום חצי יבש אימפרשן</ManufactureItemDescription>
      <UnitQty>לא ידוע</UnitQty>
      <Quantity>750.00</Quantity>
      <UnitOfMeasure>100 מ"ל</UnitOfMeasure>
      <bIsWeighted>0</bIsWeighted>
      <QtyInPackage>לא ידוע</QtyInPackage>
      <ItemPrice>48.80</ItemPrice>
      <UnitOfMeasurePrice>0.07</UnitOfMeasurePrice>
      <AllowDiscount>1</AllowDiscount>
      <ItemStatus>2</ItemStatus>
    </Item>
    <Item>
      <PriceUpdateTime>2025-09-17T10:09:06.000</PriceUpdateTime>
      <ItemCode>7290015781169</ItemCode>
      <LastSaleDateTime>2015-01-01T00:00:00.000</LastSaleDateTime>
      <ItemType>1</ItemType>
      <ItemName>אדום חצי יבש אימפרשן</ItemName>
      <ManufactureName>טפרברג</ManufactureName>
      <ManufactureCountry>לא ידוע</ManufactureCountry>
      <ManufactureItemDescription>אדום חצי יבש אימפרשן</ManufactureItemDescription>
      <UnitQty>לא ידוע</UnitQty>
      <Quantity>750.00</Quantity>
      <UnitOfMeasure>100 מ"ל</UnitOfMeasure>
      <bIsWeighted>0</bIsWeighted>
      <QtyInPackage>לא ידוע</QtyInPackage>
      <ItemPrice>48.80</ItemPrice>
      <UnitOfMeasurePrice>0.07</UnitOfMeasurePrice>
      <AllowDiscount>1</AllowDiscount>
      <ItemStatus/>
    </Item>
    <Item>
      <PriceUpdateTime>2025-09-17T10:09:06.000</PriceUpdateTime>
      <ItemCode>7290015781282</ItemCode>
      <LastSaleDateTime>2015-01-01T00:00:00.000</LastSaleDateTime>
      <ItemType>1</ItemType>
      <ItemName>גוורצטרמינר אימפרשן</ItemName>
      <ManufactureName>טפרברג</ManufactureName>
      <ManufactureCountry>לא ידוע</ManufactureCountry>
      <ManufactureItemDescription>גוורצטרמינר אימפרשן</ManufactureItemDescription>
      <UnitQty>לא ידוע</UnitQty>
      <Quantity>750.00</Quantity>
      <UnitOfMeasure>100 מ"ל</UnitOfMeasure>
      <bIsWeighted>0</bIsWeighted>
      <QtyInPackage>לא ידוע</QtyInPackage>
      <ItemPrice>48.80</ItemPrice>
      <UnitOfMeasurePrice>0.07</UnitOfMeasurePrice>
      <AllowDiscount>1</AllowDiscount>
      <ItemStatus>2</ItemStatus>
    </Item>
    <Item>
      <PriceUpdateTime>2025-09-17T10:09:06.000</PriceUpdateTime>
      <ItemCode>7290015781282</ItemCode>
      <LastSaleDateTime>2015-01-01T00:00:00.000</LastSaleDateTime>
      <ItemType>1</ItemType>
      <ItemName>גוורצטרמינר אימפרשן</ItemName>
      <ManufactureName>טפרברג</ManufactureName>
      <ManufactureCountry>לא ידוע</ManufactureCountry>
      <ManufactureItemDescription>גוורצטרמינר אימפרשן</ManufactureItemDescription>
      <UnitQty>לא ידוע</UnitQty>
      <Quantity>750.00</Quantity>
      <UnitOfMeasure>100 מ"ל</UnitOfMeasure>
      <bIsWeighted>0</bIsWeighted>
      <QtyInPackage>לא ידוע</QtyInPackage>
      <ItemPrice>48.80</ItemPrice>
      <UnitOfMeasurePrice>0.07</UnitOfMeasurePrice>
      <AllowDiscount>1</AllowDiscount>
      <ItemStatus/>
    </Item>
    <Item>
      <PriceUpdateTime>2025-09-17T10:09:06.000</PriceUpdateTime>
      <ItemCode>7290015781305</ItemCode>
      <LastSaleDateTime>2025-11-17T00:00:00.000</LastSaleDateTime>
      <ItemType>1</ItemType>
      <ItemName>סירה אימפרשן 750 מ''</ItemName>
      <ManufactureName>טפרברג</ManufactureName>
      <ManufactureCountry>לא ידוע</ManufactureCountry>
      <ManufactureItemDescription>סירה אימפרשן 750 מ''</ManufactureItemDescription>
      <UnitQty>לא ידוע</UnitQty>
      <Quantity>750.00</Quantity>
      <UnitOfMeasure>100 מ"ל</UnitOfMeasure>
      <bIsWeighted>0</bIsWeighted>
      <QtyInPackage>לא ידוע</QtyInPackage>
      <ItemPrice>48.80</ItemPrice>
      <UnitOfMeasurePrice>0.07</UnitOfMeasurePrice>
      <AllowDiscount>1</AllowDiscount>
      <ItemStatus/>
    </Item>
    <Item>
      <PriceUpdateTime>2025-09-17T10:09:06.000</PriceUpdateTime>
      <ItemCode>7290017289601</ItemCode>
      <LastSaleDateTime>2015-01-01T00:00:00.000</LastSaleDateTime>
      <ItemType>1</ItemType>
      <ItemName>בלנד לבן אימפרשן 750</ItemName>
      <ManufactureName>לא ידוע</ManufactureName>
      <ManufactureCountry>לא ידוע</ManufactureCountry>
      <ManufactureItemDescription>בלנד לבן אימפרשן 750</ManufactureItemDescription>
      <UnitQty>לא ידוע</UnitQty>
      <Quantity>750.00</Quantity>
      <UnitOfMeasure>100 מ"ל</UnitOfMeasure>
      <bIsWeighted>0</bIsWeighted>
      <QtyInPackage>לא ידוע</QtyInPackage>
      <ItemPrice>48.80</ItemPrice>
      <UnitOfMeasurePrice>0.07</UnitOfMeasurePrice>
      <AllowDiscount>1</AllowDiscount>
      <ItemStatus>2</ItemStatus>
    </Item>
    <Item>
      <PriceUpdateTime>2025-09-17T10:09:06.000</PriceUpdateTime>
      <ItemCode>7290017289601</ItemCode>
      <LastSaleDateTime>2015-01-01T00:00:00.000</LastSaleDateTime>
      <ItemType>1</ItemType>
      <ItemName>בלנד לבן אימפרשן 750</ItemName>
      <ManufactureName>לא ידוע</ManufactureName>
      <ManufactureCountry>לא ידוע</ManufactureCountry>
      <ManufactureItemDescription>בלנד לבן אימפרשן 750</ManufactureItemDescription>
      <UnitQty>לא ידוע</UnitQty>
      <Quantity>750.00</Quantity>
      <UnitOfMeasure>100 מ"ל</UnitOfMeasure>
      <bIsWeighted>0</bIsWeighted>
      <QtyInPackage>לא ידוע</QtyInPackage>
      <ItemPrice>48.80</ItemPrice>
      <UnitOfMeasurePrice>0.07</UnitOfMeasurePrice>
      <AllowDiscount>1</AllowDiscount>
      <ItemStatus/>
    </Item>
    <Item>
      <PriceUpdateTime>2025-09-17T10:09:06.000</PriceUpdateTime>
      <ItemCode>7290017289618</ItemCode>
      <LastSaleDateTime>2015-01-01T00:00:00.000</LastSaleDateTime>
      <ItemType>1</ItemType>
      <ItemName>פטיט סירה אימפרשן 75</ItemName>
      <ManufactureName>לא ידוע</ManufactureName>
      <ManufactureCountry>לא ידוע</ManufactureCountry>
      <ManufactureItemDescription>פטיט סירה אימפרשן 75</ManufactureItemDescription>
      <UnitQty>לא ידוע</UnitQty>
      <Quantity>750.00</Quantity>
      <UnitOfMeasure>100 מ"ל</UnitOfMeasure>
      <bIsWeighted>0</bIsWeighted>
      <QtyInPackage>לא ידוע</QtyInPackage>
      <ItemPrice>48.80</ItemPrice>
      <UnitOfMeasurePrice>0.07</UnitOfMeasurePrice>
      <AllowDiscount>1</AllowDiscount>
      <ItemStatus>2</ItemStatus>
    </Item>
    <Item>
      <PriceUpdateTime>2025-09-17T10:09:06.000</PriceUpdateTime>
      <ItemCode>7290017289618</ItemCode>
      <LastSaleDateTime>2015-01-01T00:00:00.000</LastSaleDateTime>
      <ItemType>1</ItemType>
      <ItemName>פטיט סירה אימפרשן 75</ItemName>
      <ManufactureName>לא ידוע</ManufactureName>
      <ManufactureCountry>לא ידוע</ManufactureCountry>
      <ManufactureItemDescription>פטיט סירה אימפרשן 75</ManufactureItemDescription>
      <UnitQty>לא ידוע</UnitQty>
      <Quantity>750.00</Quantity>
      <UnitOfMeasure>100 מ"ל</UnitOfMeasure>
      <bIsWeighted>0</bIsWeighted>
      <QtyInPackage>לא ידוע</QtyInPackage>
      <ItemPrice>48.80</ItemPrice>
      <UnitOfMeasurePrice>0.07</UnitOfMeasurePrice>
      <AllowDiscount>1</AllowDiscount>
      <ItemStatus/>
    </Item>
    <Item>
      <PriceUpdateTime>2025-09-17T10:09:06.000</PriceUpdateTime>
      <ItemCode>7290015781145</ItemCode>
      <LastSaleDateTime>2015-01-01T00:00:00.000</LastSaleDateTime>
      <ItemType>1</ItemType>
      <ItemName>יין לבן מתוק בציר מא</ItemName>
      <ManufactureName>טפרברג</ManufactureName>
      <ManufactureCountry>לא ידוע</ManufactureCountry>
      <ManufactureItemDescription>יין לבן מתוק בציר מא</ManufactureItemDescription>
      <UnitQty>לא ידוע</UnitQty>
      <Quantity>750.00</Quantity>
      <UnitOfMeasure>100 מ"ל</UnitOfMeasure>
      <bIsWeighted>0</bIsWeighted>
      <QtyInPackage>לא ידוע</QtyInPackage>
      <ItemPrice>48.80</ItemPrice>
      <UnitOfMeasurePrice>0.07</UnitOfMeasurePrice>
      <AllowDiscount>1</AllowDiscount>
      <ItemStatus>2</ItemStatus>
    </Item>
    <Item>
      <PriceUpdateTime>2025-09-17T10:09:06.000</PriceUpdateTime>
      <ItemCode>7290015781145</ItemCode>
      <LastSaleDateTime>2015-01-01T00:00:00.000</LastSaleDateTime>
      <ItemType>1</ItemType>
      <ItemName>יין לבן מתוק בציר מא</ItemName>
      <ManufactureName>טפרברג</ManufactureName>
      <ManufactureCountry>לא ידוע</ManufactureCountry>
      <ManufactureItemDescription>יין לבן מתוק בציר מא</ManufactureItemDescription>
      <UnitQty>לא ידוע</UnitQty>
      <Quantity>750.00</Quantity>
      <UnitOfMeasure>100 מ"ל</UnitOfMeasure>
      <bIsWeighted>0</bIsWeighted>
      <QtyInPackage>לא ידוע</QtyInPackage>
      <ItemPrice>48.80</ItemPrice>
      <UnitOfMeasurePrice>0.07</UnitOfMeasurePrice>
      <AllowDiscount>1</AllowDiscount>
      <ItemStatus/>
    </Item>
    <Item>
      <PriceUpdateTime>2025-09-17T15:05:58.000</PriceUpdateTime>
      <ItemCode>7290015781008</ItemCode>
      <LastSaleDateTime>2015-01-01T00:00:00.000</LastSaleDateTime>
      <ItemType>1</ItemType>
      <ItemName>מרלו ויזון 750 מ''ל</ItemName>
      <ManufactureName>טפרברג</ManufactureName>
      <ManufactureCountry>לא ידוע</ManufactureCountry>
      <ManufactureItemDescription>מרלו ויזון 750 מ''ל</ManufactureItemDescription>
      <UnitQty>לא ידוע</UnitQty>
      <Quantity>750.00</Quantity>
      <UnitOfMeasure>100 מ"ל</UnitOfMeasure>
      <bIsWeighted>0</bIsWeighted>
      <QtyInPackage>לא ידוע</QtyInPackage>
      <ItemPrice>39.10</ItemPrice>
      <UnitOfMeasurePrice>0.05</UnitOfMeasurePrice>
      <AllowDiscount>1</AllowDiscount>
      <ItemStatus>2</ItemStatus>
    </Item>
    <Item>
      <PriceUpdateTime>2025-09-17T15:05:58.000</PriceUpdateTime>
      <ItemCode>7290015781008</ItemCode>
      <LastSaleDateTime>2015-01-01T00:00:00.000</LastSaleDateTime>
      <ItemType>1</ItemType>
      <ItemName>מרלו ויזון 750 מ''ל</ItemName>
      <ManufactureName>טפרברג</ManufactureName>
      <ManufactureCountry>לא ידוע</ManufactureCountry>
      <ManufactureItemDescription>מרלו ויזון 750 מ''ל</ManufactureItemDescription>
      <UnitQty>לא ידוע</UnitQty>
      <Quantity>750.00</Quantity>
      <UnitOfMeasure>100 מ"ל</UnitOfMeasure>
      <bIsWeighted>0</bIsWeighted>
      <QtyInPackage>לא ידוע</QtyInPackage>
      <ItemPrice>39.10</ItemPrice>
      <UnitOfMeasurePrice>0.05</UnitOfMeasurePrice>
      <AllowDiscount>1</AllowDiscount>
      <ItemStatus/>
    </Item>
    <Item>
      <PriceUpdateTime>2025-09-17T15:05:58.000</PriceUpdateTime>
      <ItemCode>7290015781015</ItemCode>
      <LastSaleDateTime>2015-01-01T00:00:00.000</LastSaleDateTime>
      <ItemType>1</ItemType>
      <ItemName>מלבק ויזון 750 מ''ל</ItemName>
      <ManufactureName>טפרברג</ManufactureName>
      <ManufactureCountry>לא ידוע</ManufactureCountry>
      <ManufactureItemDescription>מלבק ויזון 750 מ''ל</ManufactureItemDescription>
      <UnitQty>לא ידוע</UnitQty>
      <Quantity>750.00</Quantity>
      <UnitOfMeasure>100 מ"ל</UnitOfMeasure>
      <bIsWeighted>0</bIsWeighted>
      <QtyInPackage>לא ידוע</QtyInPackage>
      <ItemPrice>39.10</ItemPrice>
      <UnitOfMeasurePrice>0.05</UnitOfMeasurePrice>
      <AllowDiscount>1</AllowDiscount>
      <ItemStatus>2</ItemStatus>
    </Item>
    <Item>
      <PriceUpdateTime>2025-09-17T15:05:58.000</PriceUpdateTime>
      <ItemCode>7290015781015</ItemCode>
      <LastSaleDateTime>2015-01-01T00:00:00.000</LastSaleDateTime>
      <ItemType>1</ItemType>
      <ItemName>מלבק ויזון 750 מ''ל</ItemName>
      <ManufactureName>טפרברג</ManufactureName>
      <ManufactureCountry>לא ידוע</ManufactureCountry>
      <ManufactureItemDescription>מלבק ויזון 750 מ''ל</ManufactureItemDescription>
      <UnitQty>לא ידוע</UnitQty>
      <Quantity>750.00</Quantity>
      <UnitOfMeasure>100 מ"ל</UnitOfMeasure>
      <bIsWeighted>0</bIsWeighted>
      <QtyInPackage>לא ידוע</QtyInPackage>
      <ItemPrice>39.10</ItemPrice>
      <UnitOfMeasurePrice>0.05</UnitOfMeasurePrice>
      <AllowDiscount>1</AllowDiscount>
      <ItemStatus/>
    </Item>
    <Item>
      <PriceUpdateTime>2025-09-17T15:05:58.000</PriceUpdateTime>
      <ItemCode>7290015781046</ItemCode>
      <LastSaleDateTime>2015-01-01T00:00:00.000</LastSaleDateTime>
      <ItemType>1</ItemType>
      <ItemName>יין לבן חצי יבש ויזו</ItemName>
      <ManufactureName>טפרברג</ManufactureName>
      <ManufactureCountry>לא ידוע</ManufactureCountry>
      <ManufactureItemDescription>יין לבן חצי יבש ויזו</ManufactureItemDescription>
      <UnitQty>לא ידוע</UnitQty>
      <Quantity>750.00</Quantity>
      <UnitOfMeasure>100 מ"ל</UnitOfMeasure>
      <bIsWeighted>0</bIsWeighted>
      <QtyInPackage>לא ידוע</QtyInPackage>
      <ItemPrice>39.10</ItemPrice>
      <UnitOfMeasurePrice>0.05</UnitOfMeasurePrice>
      <AllowDiscount>1</AllowDiscount>
      <ItemStatus>2</ItemStatus>
    </Item>
    <Item>
      <PriceUpdateTime>2025-09-17T15:05:58.000</PriceUpdateTime>
      <ItemCode>7290015781046</ItemCode>
      <LastSaleDateTime>2015-01-01T00:00:00.000</LastSaleDateTime>
      <ItemType>1</ItemType>
      <ItemName>יין לבן חצי יבש ויזו</ItemName>
      <ManufactureName>טפרברג</ManufactureName>
      <ManufactureCountry>לא ידוע</ManufactureCountry>
      <ManufactureItemDescription>יין לבן חצי יבש ויזו</ManufactureItemDescription>
      <UnitQty>לא ידוע</UnitQty>
      <Quantity>750.00</Quantity>
      <UnitOfMeasure>100 מ"ל</UnitOfMeasure>
      <bIsWeighted>0</bIsWeighted>
      <QtyInPackage>לא ידוע</QtyInPackage>
      <ItemPrice>39.10</ItemPrice>
      <UnitOfMeasurePrice>0.05</UnitOfMeasurePrice>
      <AllowDiscount>1</AllowDiscount>
      <ItemStatus/>
    </Item>
    <Item>
      <PriceUpdateTime>2025-09-17T15:05:58.000</PriceUpdateTime>
      <ItemCode>7290015781053</ItemCode>
      <LastSaleDateTime>2015-01-01T00:00:00.000</LastSaleDateTime>
      <ItemType>1</ItemType>
      <ItemName>לבן יבש ויזון 750 מ"</ItemName>
      <ManufactureName>לא ידוע</ManufactureName>
      <ManufactureCountry>לא ידוע</ManufactureCountry>
      <ManufactureItemDescription>לבן יבש ויזון 750 מ"</ManufactureItemDescription>
      <UnitQty>לא ידוע</UnitQty>
      <Quantity>750.00</Quantity>
      <UnitOfMeasure>100 מ"ל</UnitOfMeasure>
      <bIsWeighted>0</bIsWeighted>
      <QtyInPackage>לא ידוע</QtyInPackage>
      <ItemPrice>39.10</ItemPrice>
      <UnitOfMeasurePrice>0.05</UnitOfMeasurePrice>
      <AllowDiscount>1</AllowDiscount>
      <ItemStatus>2</ItemStatus>
    </Item>
    <Item>
      <PriceUpdateTime>2025-09-17T15:05:58.000</PriceUpdateTime>
      <ItemCode>7290015781053</ItemCode>
      <LastSaleDateTime>2015-01-01T00:00:00.000</LastSaleDateTime>
      <ItemType>1</ItemType>
      <ItemName>לבן יבש ויזון 750 מ"</ItemName>
      <ManufactureName>לא ידוע</ManufactureName>
      <ManufactureCountry>לא ידוע</ManufactureCountry>
      <ManufactureItemDescription>לבן יבש ויזון 750 מ"</ManufactureItemDescription>
      <UnitQty>לא ידוע</UnitQty>
      <Quantity>750.00</Quantity>
      <UnitOfMeasure>100 מ"ל</UnitOfMeasure>
      <bIsWeighted>0</bIsWeighted>
      <QtyInPackage>לא ידוע</QtyInPackage>
      <ItemPrice>39.10</ItemPrice>
      <UnitOfMeasurePrice>0.05</UnitOfMeasurePrice>
      <AllowDiscount>1</AllowDiscount>
      <ItemStatus/>
    </Item>
    <Item>
      <PriceUpdateTime>2025-09-17T15:05:58.000</PriceUpdateTime>
      <ItemCode>7290015781091</ItemCode>
      <LastSaleDateTime>2015-01-01T00:00:00.000</LastSaleDateTime>
      <ItemType>1</ItemType>
      <ItemName>קברנה סובניון ויזון</ItemName>
      <ManufactureName>טפרברג</ManufactureName>
      <ManufactureCountry>לא ידוע</ManufactureCountry>
      <ManufactureItemDescription>קברנה סובניון ויזון</ManufactureItemDescription>
      <UnitQty>לא ידוע</UnitQty>
      <Quantity>750.00</Quantity>
      <UnitOfMeasure>100 מ"ל</UnitOfMeasure>
      <bIsWeighted>0</bIsWeighted>
      <QtyInPackage>לא ידוע</QtyInPackage>
      <ItemPrice>39.10</ItemPrice>
      <UnitOfMeasurePrice>0.05</UnitOfMeasurePrice>
      <AllowDiscount>1</AllowDiscount>
      <ItemStatus>2</ItemStatus>
    </Item>
    <Item>
      <PriceUpdateTime>2025-09-17T15:05:58.000</PriceUpdateTime>
      <ItemCode>7290015781091</ItemCode>
      <LastSaleDateTime>2015-01-01T00:00:00.000</LastSaleDateTime>
      <ItemType>1</ItemType>
      <ItemName>קברנה סובניון ויזון</ItemName>
      <ManufactureName>טפרברג</ManufactureName>
      <ManufactureCountry>לא ידוע</ManufactureCountry>
      <ManufactureItemDescription>קברנה סובניון ויזון</ManufactureItemDescription>
      <UnitQty>לא ידוע</UnitQty>
      <Quantity>750.00</Quantity>
      <UnitOfMeasure>100 מ"ל</UnitOfMeasure>
      <bIsWeighted>0</bIsWeighted>
      <QtyInPackage>לא ידוע</QtyInPackage>
      <ItemPrice>39.10</ItemPrice>
      <UnitOfMeasurePrice>0.05</UnitOfMeasurePrice>
      <AllowDiscount>1</AllowDiscount>
      <ItemStatus/>
    </Item>
    <Item>
      <PriceUpdateTime>2025-09-17T15:05:58.000</PriceUpdateTime>
      <ItemCode>7290015781299</ItemCode>
      <LastSaleDateTime>2015-01-01T00:00:00.000</LastSaleDateTime>
      <ItemType>1</ItemType>
      <ItemName>שיראז ויזון 750 מ''ל</ItemName>
      <ManufactureName>טפרברג</ManufactureName>
      <ManufactureCountry>לא ידוע</ManufactureCountry>
      <ManufactureItemDescription>שיראז ויזון 750 מ''ל</ManufactureItemDescription>
      <UnitQty>לא ידוע</UnitQty>
      <Quantity>750.00</Quantity>
      <UnitOfMeasure>100 מ"ל</UnitOfMeasure>
      <bIsWeighted>0</bIsWeighted>
      <QtyInPackage>לא ידוע</QtyInPackage>
      <ItemPrice>39.10</ItemPrice>
      <UnitOfMeasurePrice>0.05</UnitOfMeasurePrice>
      <AllowDiscount>1</AllowDiscount>
      <ItemStatus>2</ItemStatus>
    </Item>
    <Item>
      <PriceUpdateTime>2025-09-17T15:05:58.000</PriceUpdateTime>
      <ItemCode>7290015781299</ItemCode>
      <LastSaleDateTime>2015-01-01T00:00:00.000</LastSaleDateTime>
      <ItemType>1</ItemType>
      <ItemName>שיראז ויזון 750 מ''ל</ItemName>
      <ManufactureName>טפרברג</ManufactureName>
      <ManufactureCountry>לא ידוע</ManufactureCountry>
      <ManufactureItemDescription>שיראז ויזון 750 מ''ל</ManufactureItemDescription>
      <UnitQty>לא ידוע</UnitQty>
      <Quantity>750.00</Quantity>
      <UnitOfMeasure>100 מ"ל</UnitOfMeasure>
      <bIsWeighted>0</bIsWeighted>
      <QtyInPackage>לא ידוע</QtyInPackage>
      <ItemPrice>39.10</ItemPrice>
      <UnitOfMeasurePrice>0.05</UnitOfMeasurePrice>
      <AllowDiscount>1</AllowDiscount>
      <ItemStatus/>
    </Item>
    <Item>
      <PriceUpdateTime>2025-09-17T15:05:58.000</PriceUpdateTime>
      <ItemCode>7290017289588</ItemCode>
      <LastSaleDateTime>2025-10-31T00:00:00.000</LastSaleDateTime>
      <ItemType>1</ItemType>
      <ItemName>אינספייר בלנד לבן יב</ItemName>
      <ManufactureName>לא ידוע</ManufactureName>
      <ManufactureCountry>לא ידוע</ManufactureCountry>
      <ManufactureItemDescription>אינספייר בלנד לבן יב</ManufactureItemDescription>
      <UnitQty>לא ידוע</UnitQty>
      <Quantity>750.00</Quantity>
      <UnitOfMeasure>100 מ"ל</UnitOfMeasure>
      <bIsWeighted>0</bIsWeighted>
      <QtyInPackage>לא ידוע</QtyInPackage>
      <ItemPrice>64.80</ItemPrice>
      <UnitOfMeasurePrice>0.09</UnitOfMeasurePrice>
      <AllowDiscount>1</AllowDiscount>
      <ItemStatus>2</ItemStatus>
    </Item>
    <Item>
      <PriceUpdateTime>2025-09-17T15:05:58.000</PriceUpdateTime>
      <ItemCode>7290017289588</ItemCode>
      <LastSaleDateTime>2025-10-31T00:00:00.000</LastSaleDateTime>
      <ItemType>1</ItemType>
      <ItemName>אינספייר בלנד לבן יב</ItemName>
      <ManufactureName>לא ידוע</ManufactureName>
      <ManufactureCountry>לא ידוע</ManufactureCountry>
      <ManufactureItemDescription>אינספייר בלנד לבן יב</ManufactureItemDescription>
      <UnitQty>לא ידוע</UnitQty>
      <Quantity>750.00</Quantity>
      <UnitOfMeasure>100 מ"ל</UnitOfMeasure>
      <bIsWeighted>0</bIsWeighted>
      <QtyInPackage>לא ידוע</QtyInPackage>
      <ItemPrice>64.80</ItemPrice>
      <UnitOfMeasurePrice>0.09</UnitOfMeasurePrice>
      <AllowDiscount>1</AllowDiscount>
      <ItemStatus/>
    </Item>
    <Item>
      <PriceUpdateTime>2025-09-17T15:05:58.000</PriceUpdateTime>
      <ItemCode>7290017289595</ItemCode>
      <LastSaleDateTime>2015-01-01T00:00:00.000</LastSaleDateTime>
      <ItemType>1</ItemType>
      <ItemName>אינספייר בלנד אדום 7</ItemName>
      <ManufactureName>לא ידוע</ManufactureName>
      <ManufactureCountry>לא ידוע</ManufactureCountry>
      <ManufactureItemDescription>אינספייר בלנד אדום 7</ManufactureItemDescription>
      <UnitQty>לא ידוע</UnitQty>
      <Quantity>750.00</Quantity>
      <UnitOfMeasure>100 מ"ל</UnitOfMeasure>
      <bIsWeighted>0</bIsWeighted>
      <QtyInPackage>לא ידוע</QtyInPackage>
      <ItemPrice>64.80</ItemPrice>
      <UnitOfMeasurePrice>0.09</UnitOfMeasurePrice>
      <AllowDiscount>1</AllowDiscount>
      <ItemStatus>2</ItemStatus>
    </Item>
    <Item>
      <PriceUpdateTime>2025-09-17T15:05:58.000</PriceUpdateTime>
      <ItemCode>7290017289595</ItemCode>
      <LastSaleDateTime>2015-01-01T00:00:00.000</LastSaleDateTime>
      <ItemType>1</ItemType>
      <ItemName>אינספייר בלנד אדום 7</ItemName>
      <ManufactureName>לא ידוע</ManufactureName>
      <ManufactureCountry>לא ידוע</ManufactureCountry>
      <ManufactureItemDescription>אינספייר בלנד אדום 7</ManufactureItemDescription>
      <UnitQty>לא ידוע</UnitQty>
      <Quantity>750.00</Quantity>
      <UnitOfMeasure>100 מ"ל</UnitOfMeasure>
      <bIsWeighted>0</bIsWeighted>
      <QtyInPackage>לא ידוע</QtyInPackage>
      <ItemPrice>64.80</ItemPrice>
      <UnitOfMeasurePrice>0.09</UnitOfMeasurePrice>
      <AllowDiscount>1</AllowDiscount>
      <ItemStatus/>
    </Item>
    <Item>
      <PriceUpdateTime>2025-09-18T13:05:57.000</PriceUpdateTime>
      <ItemCode>7290119044245</ItemCode>
      <LastSaleDateTime>2015-01-01T00:00:00.000</LastSaleDateTime>
      <ItemType>1</ItemType>
      <ItemName>עוגת דבש 400 גרם פרו</ItemName>
      <ManufactureName>לא ידוע</ManufactureName>
      <ManufactureCountry>לא ידוע</ManufactureCountry>
      <ManufactureItemDescription>עוגת דבש 400 גרם פרו</ManufactureItemDescription>
      <UnitQty>גרם</UnitQty>
      <Quantity>400.00</Quantity>
      <UnitOfMeasure>100 גרם</UnitOfMeasure>
      <bIsWeighted>0</bIsWeighted>
      <QtyInPackage>לא ידוע</QtyInPackage>
      <ItemPrice>9.90</ItemPrice>
      <UnitOfMeasurePrice>2.48</UnitOfMeasurePrice>
      <AllowDiscount>1</AllowDiscount>
      <ItemStatus>2</ItemStatus>
    </Item>
    <Item>
      <PriceUpdateTime>2025-09-18T13:05:57.000</PriceUpdateTime>
      <ItemCode>7290119049233</ItemCode>
      <LastSaleDateTime>2015-01-01T00:00:00.000</LastSaleDateTime>
      <ItemType>1</ItemType>
      <ItemName>עוגה בטעם דבש 350 גר</ItemName>
      <ManufactureName>לא ידוע</ManufactureName>
      <ManufactureCountry>לא ידוע</ManufactureCountry>
      <ManufactureItemDescription>עוגה בטעם דבש 350 גר</ManufactureItemDescription>
      <UnitQty>גרם</UnitQty>
      <Quantity>350.00</Quantity>
      <UnitOfMeasure>100 גרם</UnitOfMeasure>
      <bIsWeighted>0</bIsWeighted>
      <QtyInPackage>לא ידוע</QtyInPackage>
      <ItemPrice>5.90</ItemPrice>
      <UnitOfMeasurePrice>1.69</UnitOfMeasurePrice>
      <AllowDiscount>1</AllowDiscount>
      <ItemStatus>2</ItemStatus>
    </Item>
    <Item>
      <PriceUpdateTime>2025-09-21T09:43:30.000</PriceUpdateTime>
      <ItemCode>7290011148119</ItemCode>
      <LastSaleDateTime>2026-01-22T21:05:47.000</LastSaleDateTime>
      <ItemType>1</ItemType>
      <ItemName>שום ארוז קלוף 500 גר</ItemName>
      <ManufactureName>לא ידוע</ManufactureName>
      <ManufactureCountry>לא ידוע</ManufactureCountry>
      <ManufactureItemDescription>שום ארוז קלוף 500 גר</ManufactureItemDescription>
      <UnitQty>גרם</UnitQty>
      <Quantity>500.00</Quantity>
      <UnitOfMeasure>100 גרם</UnitOfMeasure>
      <bIsWeighted>0</bIsWeighted>
      <QtyInPackage>לא ידוע</QtyInPackage>
      <ItemPrice>16.90</ItemPrice>
      <UnitOfMeasurePrice>3.38</UnitOfMeasurePrice>
      <AllowDiscount>1</AllowDiscount>
      <ItemStatus/>
    </Item>
    <Item>
      <PriceUpdateTime>2025-09-21T11:17:29.000</PriceUpdateTime>
      <ItemCode>7290019302452</ItemCode>
      <LastSaleDateTime>2015-01-01T00:00:00.000</LastSaleDateTime>
      <ItemType>1</ItemType>
      <ItemName>אמרלד ריזלינג פ.סי 3</ItemName>
      <ManufactureName>לא ידוע</ManufactureName>
      <ManufactureCountry>לא ידוע</ManufactureCountry>
      <ManufactureItemDescription>אמרלד ריזלינג פ.סי 3</ManufactureItemDescription>
      <UnitQty>לא ידוע</UnitQty>
      <Quantity>375.00</Quantity>
      <UnitOfMeasure>100 מ"ל</UnitOfMeasure>
      <bIsWeighted>0</bIsWeighted>
      <QtyInPackage>לא ידוע</QtyInPackage>
      <ItemPrice>20.10</ItemPrice>
      <UnitOfMeasurePrice>0.05</UnitOfMeasurePrice>
      <AllowDiscount>1</AllowDiscount>
      <ItemStatus>2</ItemStatus>
    </Item>
    <Item>
      <PriceUpdateTime>2025-09-21T11:17:29.000</PriceUpdateTime>
      <ItemCode>7290019302452</ItemCode>
      <LastSaleDateTime>2015-01-01T00:00:00.000</LastSaleDateTime>
      <ItemType>1</ItemType>
      <ItemName>אמרלד ריזלינג פ.סי 3</ItemName>
      <ManufactureName>לא ידוע</ManufactureName>
      <ManufactureCountry>לא ידוע</ManufactureCountry>
      <ManufactureItemDescription>אמרלד ריזלינג פ.סי 3</ManufactureItemDescription>
      <UnitQty>לא ידוע</UnitQty>
      <Quantity>375.00</Quantity>
      <UnitOfMeasure>100 מ"ל</UnitOfMeasure>
      <bIsWeighted>0</bIsWeighted>
      <QtyInPackage>לא ידוע</QtyInPackage>
      <ItemPrice>20.10</ItemPrice>
      <UnitOfMeasurePrice>0.05</UnitOfMeasurePrice>
      <AllowDiscount>1</AllowDiscount>
      <ItemStatus/>
    </Item>
    <Item>
      <PriceUpdateTime>2025-09-21T14:33:36.000</PriceUpdateTime>
      <ItemCode>7290008803090</ItemCode>
      <LastSaleDateTime>2026-01-22T22:32:31.000</LastSaleDateTime>
      <ItemType>1</ItemType>
      <ItemName>יין מרלו גליל עליון</ItemName>
      <ManufactureName>כרמל מזרחי</ManufactureName>
      <ManufactureCountry>לא ידוע</ManufactureCountry>
      <ManufactureItemDescription>יין מרלו גליל עליון</ManufactureItemDescription>
      <UnitQty>לא ידוע</UnitQty>
      <Quantity>750.00</Quantity>
      <UnitOfMeasure>100 מ"ל</UnitOfMeasure>
      <bIsWeighted>0</bIsWeighted>
      <QtyInPackage>לא ידוע</QtyInPackage>
      <ItemPrice>65.50</ItemPrice>
      <UnitOfMeasurePrice>0.09</UnitOfMeasurePrice>
      <AllowDiscount>1</AllowDiscount>
      <ItemStatus/>
    </Item>
    <Item>
      <PriceUpdateTime>2025-09-21T14:33:36.000</PriceUpdateTime>
      <ItemCode>7290008804189</ItemCode>
      <LastSaleDateTime>2026-01-26T16:34:50.000</LastSaleDateTime>
      <ItemType>1</ItemType>
      <ItemName>יין קברנה סוביניון ג</ItemName>
      <ManufactureName>כרמל מזרחי</ManufactureName>
      <ManufactureCountry>לא ידוע</ManufactureCountry>
      <ManufactureItemDescription>יין קברנה סוביניון ג</ManufactureItemDescription>
      <UnitQty>לא ידוע</UnitQty>
      <Quantity>750.00</Quantity>
      <UnitOfMeasure>100 מ"ל</UnitOfMeasure>
      <bIsWeighted>0</bIsWeighted>
      <QtyInPackage>לא ידוע</QtyInPackage>
      <ItemPrice>65.50</ItemPrice>
      <UnitOfMeasurePrice>0.09</UnitOfMeasurePrice>
      <AllowDiscount>1</AllowDiscount>
      <ItemStatus/>
    </Item>
    <Item>
      <PriceUpdateTime>2025-09-21T14:33:36.000</PriceUpdateTime>
      <ItemCode>7290008804745</ItemCode>
      <LastSaleDateTime>2015-01-01T00:00:00.000</LastSaleDateTime>
      <ItemType>1</ItemType>
      <ItemName>יין גוורצטרמינר סדרה</ItemName>
      <ManufactureName>לא ידוע</ManufactureName>
      <ManufactureCountry>לא ידוע</ManufactureCountry>
      <ManufactureItemDescription>יין גוורצטרמינר סדרה</ManufactureItemDescription>
      <UnitQty>לא ידוע</UnitQty>
      <Quantity>750.00</Quantity>
      <UnitOfMeasure>100 מ"ל</UnitOfMeasure>
      <bIsWeighted>0</bIsWeighted>
      <QtyInPackage>לא ידוע</QtyInPackage>
      <ItemPrice>65.50</ItemPrice>
      <UnitOfMeasurePrice>0.09</UnitOfMeasurePrice>
      <AllowDiscount>1</AllowDiscount>
      <ItemStatus>2</ItemStatus>
    </Item>
    <Item>
      <PriceUpdateTime>2025-09-21T14:33:36.000</PriceUpdateTime>
      <ItemCode>7290008804745</ItemCode>
      <LastSaleDateTime>2015-01-01T00:00:00.000</LastSaleDateTime>
      <ItemType>1</ItemType>
      <ItemName>יין גוורצטרמינר סדרה</ItemName>
      <ManufactureName>לא ידוע</ManufactureName>
      <ManufactureCountry>לא ידוע</ManufactureCountry>
      <ManufactureItemDescription>יין גוורצטרמינר סדרה</ManufactureItemDescription>
      <UnitQty>לא ידוע</UnitQty>
      <Quantity>750.00</Quantity>
      <UnitOfMeasure>100 מ"ל</UnitOfMeasure>
      <bIsWeighted>0</bIsWeighted>
      <QtyInPackage>לא ידוע</QtyInPackage>
      <ItemPrice>65.50</ItemPrice>
      <UnitOfMeasurePrice>0.09</UnitOfMeasurePrice>
      <AllowDiscount>1</AllowDiscount>
      <ItemStatus/>
    </Item>
    <Item>
      <PriceUpdateTime>2025-09-21T14:33:36.000</PriceUpdateTime>
      <ItemCode>7290008805964</ItemCode>
      <LastSaleDateTime>2026-01-16T13:03:41.000</LastSaleDateTime>
      <ItemType>1</ItemType>
      <ItemName>יין קברנה שיראז גליל</ItemName>
      <ManufactureName>כרמל מזרחי</ManufactureName>
      <ManufactureCountry>לא ידוע</ManufactureCountry>
      <ManufactureItemDescription>יין קברנה שיראז גליל</ManufactureItemDescription>
      <UnitQty>לא ידוע</UnitQty>
      <Quantity>750.00</Quantity>
      <UnitOfMeasure>100 מ"ל</UnitOfMeasure>
      <bIsWeighted>0</bIsWeighted>
      <QtyInPackage>לא ידוע</QtyInPackage>
      <ItemPrice>65.50</ItemPrice>
      <UnitOfMeasurePrice>0.09</UnitOfMeasurePrice>
      <AllowDiscount>1</AllowDiscount>
      <ItemStatus/>
    </Item>
    <Item>
      <PriceUpdateTime>2025-09-21T14:33:36.000</PriceUpdateTime>
      <ItemCode>7290008804455</ItemCode>
      <LastSaleDateTime>2025-10-30T00:00:00.000</LastSaleDateTime>
      <ItemType>1</ItemType>
      <ItemName>יין רוזה סדרה אזורית</ItemName>
      <ManufactureName>לא ידוע</ManufactureName>
      <ManufactureCountry>לא ידוע</ManufactureCountry>
      <ManufactureItemDescription>יין רוזה סדרה אזורית</ManufactureItemDescription>
      <UnitQty>לא ידוע</UnitQty>
      <Quantity>750.00</Quantity>
      <UnitOfMeasure>100 מ"ל</UnitOfMeasure>
      <bIsWeighted>0</bIsWeighted>
      <QtyInPackage>לא ידוע</QtyInPackage>
      <ItemPrice>65.50</ItemPrice>
      <UnitOfMeasurePrice>0.09</UnitOfMeasurePrice>
      <AllowDiscount>1</AllowDiscount>
      <ItemStatus>2</ItemStatus>
    </Item>
    <Item>
      <PriceUpdateTime>2025-09-21T14:33:36.000</PriceUpdateTime>
      <ItemCode>7290008804455</ItemCode>
      <LastSaleDateTime>2025-10-30T00:00:00.000</LastSaleDateTime>
      <ItemType>1</ItemType>
      <ItemName>יין רוזה סדרה אזורית</ItemName>
      <ManufactureName>לא ידוע</ManufactureName>
      <ManufactureCountry>לא ידוע</ManufactureCountry>
      <ManufactureItemDescription>יין רוזה סדרה אזורית</ManufactureItemDescription>
      <UnitQty>לא ידוע</UnitQty>
      <Quantity>750.00</Quantity>
      <UnitOfMeasure>100 מ"ל</UnitOfMeasure>
      <bIsWeighted>0</bIsWeighted>
      <QtyInPackage>לא ידוע</QtyInPackage>
      <ItemPrice>65.50</ItemPrice>
      <UnitOfMeasurePrice>0.09</UnitOfMeasurePrice>
      <AllowDiscount>1</AllowDiscount>
      <ItemStatus/>
    </Item>
    <Item>
      <PriceUpdateTime>2025-09-21T14:33:36.000</PriceUpdateTime>
      <ItemCode>7290119389872</ItemCode>
      <LastSaleDateTime>2026-01-22T17:01:15.000</LastSaleDateTime>
      <ItemType>1</ItemType>
      <ItemName>פסטה טרייה פפרדלה מצ</ItemName>
      <ManufactureName>לא ידוע</ManufactureName>
      <ManufactureCountry>לא ידוע</ManufactureCountry>
      <ManufactureItemDescription>פסטה טרייה פפרדלה מצ</ManufactureItemDescription>
      <UnitQty>גרם</UnitQty>
      <Quantity>400.00</Quantity>
      <UnitOfMeasure>100 גרם</UnitOfMeasure>
      <bIsWeighted>0</bIsWeighted>
      <QtyInPackage>לא ידוע</QtyInPackage>
      <ItemPrice>21.90</ItemPrice>
      <UnitOfMeasurePrice>5.47</UnitOfMeasurePrice>
      <AllowDiscount>1</AllowDiscount>
      <ItemStatus/>
    </Item>
    <Item>
      <PriceUpdateTime>2025-09-21T14:33:49.000</PriceUpdateTime>
      <ItemCode>7290013713025</ItemCode>
      <LastSaleDateTime>2015-01-01T00:00:00.000</LastSaleDateTime>
      <ItemType>1</ItemType>
      <ItemName>ג'ימס בירה פילס 330</ItemName>
      <ManufactureName>לא ידוע</ManufactureName>
      <ManufactureCountry>לא ידוע</ManufactureCountry>
      <ManufactureItemDescription>ג'ימס בירה פילס 330</ManufactureItemDescription>
      <UnitQty>לא ידוע</UnitQty>
      <Quantity>330.00</Quantity>
      <UnitOfMeasure>100 מ"ל</UnitOfMeasure>
      <bIsWeighted>0</bIsWeighted>
      <QtyInPackage>לא ידוע</QtyInPackage>
      <ItemPrice>11.80</ItemPrice>
      <UnitOfMeasurePrice>0.04</UnitOfMeasurePrice>
      <AllowDiscount>1</AllowDiscount>
      <ItemStatus>2</ItemStatus>
    </Item>
    <Item>
      <PriceUpdateTime>2025-09-21T14:33:49.000</PriceUpdateTime>
      <ItemCode>7290013713025</ItemCode>
      <LastSaleDateTime>2015-01-01T00:00:00.000</LastSaleDateTime>
      <ItemType>1</ItemType>
      <ItemName>ג'ימס בירה פילס 330</ItemName>
      <ManufactureName>לא ידוע</ManufactureName>
      <ManufactureCountry>לא ידוע</ManufactureCountry>
      <ManufactureItemDescription>ג'ימס בירה פילס 330</ManufactureItemDescription>
      <UnitQty>לא ידוע</UnitQty>
      <Quantity>330.00</Quantity>
      <UnitOfMeasure>100 מ"ל</UnitOfMeasure>
      <bIsWeighted>0</bIsWeighted>
      <QtyInPackage>לא ידוע</QtyInPackage>
      <ItemPrice>11.80</ItemPrice>
      <UnitOfMeasurePrice>0.04</UnitOfMeasurePrice>
      <AllowDiscount>1</AllowDiscount>
      <ItemStatus/>
    </Item>
    <Item>
      <PriceUpdateTime>2025-09-21T14:33:49.000</PriceUpdateTime>
      <ItemCode>7290013713032</ItemCode>
      <LastSaleDateTime>2015-01-01T00:00:00.000</LastSaleDateTime>
      <ItemType>1</ItemType>
      <ItemName>ג'ימס בירה חיטה 330</ItemName>
      <ManufactureName>לא ידוע</ManufactureName>
      <ManufactureCountry>לא ידוע</ManufactureCountry>
      <ManufactureItemDescription>ג'ימס בירה חיטה 330</ManufactureItemDescription>
      <UnitQty>לא ידוע</UnitQty>
      <Quantity>330.00</Quantity>
      <UnitOfMeasure>100 מ"ל</UnitOfMeasure>
      <bIsWeighted>0</bIsWeighted>
      <QtyInPackage>לא ידוע</QtyInPackage>
      <ItemPrice>11.80</ItemPrice>
      <UnitOfMeasurePrice>0.04</UnitOfMeasurePrice>
      <AllowDiscount>1</AllowDiscount>
      <ItemStatus>2</ItemStatus>
    </Item>
    <Item>
      <PriceUpdateTime>2025-09-21T14:33:49.000</PriceUpdateTime>
      <ItemCode>7290013713032</ItemCode>
      <LastSaleDateTime>2015-01-01T00:00:00.000</LastSaleDateTime>
      <ItemType>1</ItemType>
      <ItemName>ג'ימס בירה חיטה 330</ItemName>
      <ManufactureName>לא ידוע</ManufactureName>
      <ManufactureCountry>לא ידוע</ManufactureCountry>
      <ManufactureItemDescription>ג'ימס בירה חיטה 330</ManufactureItemDescription>
      <UnitQty>לא ידוע</UnitQty>
      <Quantity>330.00</Quantity>
      <UnitOfMeasure>100 מ"ל</UnitOfMeasure>
      <bIsWeighted>0</bIsWeighted>
      <QtyInPackage>לא ידוע</QtyInPackage>
      <ItemPrice>11.80</ItemPrice>
      <UnitOfMeasurePrice>0.04</UnitOfMeasurePrice>
      <AllowDiscount>1</AllowDiscount>
      <ItemStatus/>
    </Item>
    <Item>
      <PriceUpdateTime>2025-09-21T14:33:49.000</PriceUpdateTime>
      <ItemCode>7290013713049</ItemCode>
      <LastSaleDateTime>2015-01-01T00:00:00.000</LastSaleDateTime>
      <ItemType>1</ItemType>
      <ItemName>בירה ג'מס בלגית 8.80</ItemName>
      <ManufactureName>לא ידוע</ManufactureName>
      <ManufactureCountry>לא ידוע</ManufactureCountry>
      <ManufactureItemDescription>בירה ג'מס בלגית 8.80</ManufactureItemDescription>
      <UnitQty>לא ידוע</UnitQty>
      <Quantity>330.00</Quantity>
      <UnitOfMeasure>100 מ"ל</UnitOfMeasure>
      <bIsWeighted>0</bIsWeighted>
      <QtyInPackage>לא ידוע</QtyInPackage>
      <ItemPrice>11.80</ItemPrice>
      <UnitOfMeasurePrice>0.04</UnitOfMeasurePrice>
      <AllowDiscount>1</AllowDiscount>
      <ItemStatus>2</ItemStatus>
    </Item>
    <Item>
      <PriceUpdateTime>2025-09-21T14:33:49.000</PriceUpdateTime>
      <ItemCode>7290013713049</ItemCode>
      <LastSaleDateTime>2015-01-01T00:00:00.000</LastSaleDateTime>
      <ItemType>1</ItemType>
      <ItemName>בירה ג'מס בלגית 8.80</ItemName>
      <ManufactureName>לא ידוע</ManufactureName>
      <ManufactureCountry>לא ידוע</ManufactureCountry>
      <ManufactureItemDescription>בירה ג'מס בלגית 8.80</ManufactureItemDescription>
      <UnitQty>לא ידוע</UnitQty>
      <Quantity>330.00</Quantity>
      <UnitOfMeasure>100 מ"ל</UnitOfMeasure>
      <bIsWeighted>0</bIsWeighted>
      <QtyInPackage>לא ידוע</QtyInPackage>
      <ItemPrice>11.80</ItemPrice>
      <UnitOfMeasurePrice>0.04</UnitOfMeasurePrice>
      <AllowDiscount>1</AllowDiscount>
      <ItemStatus/>
    </Item>
    <Item>
      <PriceUpdateTime>2025-09-21T14:33:49.000</PriceUpdateTime>
      <ItemCode>7290013713094</ItemCode>
      <LastSaleDateTime>2015-01-01T00:00:00.000</LastSaleDateTime>
      <ItemType>1</ItemType>
      <ItemName>בירה ג'יימס בלייזר ב</ItemName>
      <ManufactureName>לא ידוע</ManufactureName>
      <ManufactureCountry>לא ידוע</ManufactureCountry>
      <ManufactureItemDescription>בירה ג'יימס בלייזר ב</ManufactureItemDescription>
      <UnitQty>לא ידוע</UnitQty>
      <Quantity>330.00</Quantity>
      <UnitOfMeasure>100 מ"ל</UnitOfMeasure>
      <bIsWeighted>0</bIsWeighted>
      <QtyInPackage>לא ידוע</QtyInPackage>
      <ItemPrice>11.80</ItemPrice>
      <UnitOfMeasurePrice>0.04</UnitOfMeasurePrice>
      <AllowDiscount>1</AllowDiscount>
      <ItemStatus>2</ItemStatus>
    </Item>
    <Item>
      <PriceUpdateTime>2025-09-21T14:33:49.000</PriceUpdateTime>
      <ItemCode>7290013713094</ItemCode>
      <LastSaleDateTime>2015-01-01T00:00:00.000</LastSaleDateTime>
      <ItemType>1</ItemType>
      <ItemName>בירה ג'יימס בלייזר ב</ItemName>
      <ManufactureName>לא ידוע</ManufactureName>
      <ManufactureCountry>לא ידוע</ManufactureCountry>
      <ManufactureItemDescription>בירה ג'יימס בלייזר ב</ManufactureItemDescription>
      <UnitQty>לא ידוע</UnitQty>
      <Quantity>330.00</Quantity>
      <UnitOfMeasure>100 מ"ל</UnitOfMeasure>
      <bIsWeighted>0</bIsWeighted>
      <QtyInPackage>לא ידוע</QtyInPackage>
      <ItemPrice>11.80</ItemPrice>
      <UnitOfMeasurePrice>0.04</UnitOfMeasurePrice>
      <AllowDiscount>1</AllowDiscount>
      <ItemStatus/>
    </Item>
    <Item>
      <PriceUpdateTime>2025-09-21T14:33:49.000</PriceUpdateTime>
      <ItemCode>7290014256620</ItemCode>
      <LastSaleDateTime>2026-01-16T12:59:54.000</LastSaleDateTime>
      <ItemType>1</ItemType>
      <ItemName>יין קריניאנו 750 מל</ItemName>
      <ManufactureName>כרמל מזרחי</ManufactureName>
      <ManufactureCountry>לא ידוע</ManufactureCountry>
      <ManufactureItemDescription>יין קריניאנו 750 מל</ManufactureItemDescription>
      <UnitQty>לא ידוע</UnitQty>
      <Quantity>750.00</Quantity>
      <UnitOfMeasure>100 מ"ל</UnitOfMeasure>
      <bIsWeighted>0</bIsWeighted>
      <QtyInPackage>לא ידוע</QtyInPackage>
      <ItemPrice>27.50</ItemPrice>
      <UnitOfMeasurePrice>0.04</UnitOfMeasurePrice>
      <AllowDiscount>1</AllowDiscount>
      <ItemStatus/>
    </Item>
    <Item>
      <PriceUpdateTime>2025-09-21T14:33:49.000</PriceUpdateTime>
      <ItemCode>7290014256637</ItemCode>
      <LastSaleDateTime>2026-01-22T13:11:13.000</LastSaleDateTime>
      <ItemType>1</ItemType>
      <ItemName>יין מוסקטו באזז 750</ItemName>
      <ManufactureName>כרמל מזרחי</ManufactureName>
      <ManufactureCountry>לא ידוע</ManufactureCountry>
      <ManufactureItemDescription>יין מוסקטו באזז 750</ManufactureItemDescription>
      <UnitQty>לא ידוע</UnitQty>
      <Quantity>750.00</Quantity>
      <UnitOfMeasure>100 מ"ל</UnitOfMeasure>
      <bIsWeighted>0</bIsWeighted>
      <QtyInPackage>לא ידוע</QtyInPackage>
      <ItemPrice>27.50</ItemPrice>
      <UnitOfMeasurePrice>0.04</UnitOfMeasurePrice>
      <AllowDiscount>1</AllowDiscount>
      <ItemStatus/>
    </Item>
    <Item>
      <PriceUpdateTime>2025-09-21T14:33:49.000</PriceUpdateTime>
      <ItemCode>7290016717044</ItemCode>
      <LastSaleDateTime>2026-01-26T16:56:55.000</LastSaleDateTime>
      <ItemType>1</ItemType>
      <ItemName>יין מנגו באזז 750 מל</ItemName>
      <ManufactureName>לא ידוע</ManufactureName>
      <ManufactureCountry>לא ידוע</ManufactureCountry>
      <ManufactureItemDescription>יין מנגו באזז 750 מל</ManufactureItemDescription>
      <UnitQty>לא ידוע</UnitQty>
      <Quantity>750.00</Quantity>
      <UnitOfMeasure>100 מ"ל</UnitOfMeasure>
      <bIsWeighted>0</bIsWeighted>
      <QtyInPackage>לא ידוע</QtyInPackage>
      <ItemPrice>27.50</ItemPrice>
      <UnitOfMeasurePrice>0.04</UnitOfMeasurePrice>
      <AllowDiscount>1</AllowDiscount>
      <ItemStatus/>
    </Item>
    <Item>
      <PriceUpdateTime>2025-09-21T14:33:49.000</PriceUpdateTime>
      <ItemCode>7290016717051</ItemCode>
      <LastSaleDateTime>2015-01-01T00:00:00.000</LastSaleDateTime>
      <ItemType>1</ItemType>
      <ItemName>יין רימון באזז 750מל</ItemName>
      <ManufactureName>לא ידוע</ManufactureName>
      <ManufactureCountry>לא ידוע</ManufactureCountry>
      <ManufactureItemDescription>יין רימון באזז 750מל</ManufactureItemDescription>
      <UnitQty>לא ידוע</UnitQty>
      <Quantity>750.00</Quantity>
      <UnitOfMeasure>100 מ"ל</UnitOfMeasure>
      <bIsWeighted>0</bIsWeighted>
      <QtyInPackage>לא ידוע</QtyInPackage>
      <ItemPrice>27.50</ItemPrice>
      <UnitOfMeasurePrice>0.04</UnitOfMeasurePrice>
      <AllowDiscount>1</AllowDiscount>
      <ItemStatus>2</ItemStatus>
    </Item>
    <Item>
      <PriceUpdateTime>2025-09-21T14:33:49.000</PriceUpdateTime>
      <ItemCode>7290016717051</ItemCode>
      <LastSaleDateTime>2015-01-01T00:00:00.000</LastSaleDateTime>
      <ItemType>1</ItemType>
      <ItemName>יין רימון באזז 750מל</ItemName>
      <ManufactureName>לא ידוע</ManufactureName>
      <ManufactureCountry>לא ידוע</ManufactureCountry>
      <ManufactureItemDescription>יין רימון באזז 750מל</ManufactureItemDescription>
      <UnitQty>לא ידוע</UnitQty>
      <Quantity>750.00</Quantity>
      <UnitOfMeasure>100 מ"ל</UnitOfMeasure>
      <bIsWeighted>0</bIsWeighted>
      <QtyInPackage>לא ידוע</QtyInPackage>
      <ItemPrice>27.50</ItemPrice>
      <UnitOfMeasurePrice>0.04</UnitOfMeasurePrice>
      <AllowDiscount>1</AllowDiscount>
      <ItemStatus/>
    </Item>
    <Item>
      <PriceUpdateTime>2025-09-21T14:33:49.000</PriceUpdateTime>
      <ItemCode>7290016717976</ItemCode>
      <LastSaleDateTime>2026-01-26T11:08:54.000</LastSaleDateTime>
      <ItemType>1</ItemType>
      <ItemName>יין ספארקלינג אפרסק</ItemName>
      <ManufactureName>לא ידוע</ManufactureName>
      <ManufactureCountry>לא ידוע</ManufactureCountry>
      <ManufactureItemDescription>יין ספארקלינג אפרסק</ManufactureItemDescription>
      <UnitQty>לא ידוע</UnitQty>
      <Quantity>750.00</Quantity>
      <UnitOfMeasure>100 מ"ל</UnitOfMeasure>
      <bIsWeighted>0</bIsWeighted>
      <QtyInPackage>לא ידוע</QtyInPackage>
      <ItemPrice>27.50</ItemPrice>
      <UnitOfMeasurePrice>0.04</UnitOfMeasurePrice>
      <AllowDiscount>1</AllowDiscount>
      <ItemStatus/>
    </Item>
    <Item>
      <PriceUpdateTime>2025-09-21T14:33:49.000</PriceUpdateTime>
      <ItemCode>7290017812052</ItemCode>
      <LastSaleDateTime>2026-01-29T17:38:46.000</LastSaleDateTime>
      <ItemType>1</ItemType>
      <ItemName>יין שיראז-קברנה סובי</ItemName>
      <ManufactureName>לא ידוע</ManufactureName>
      <ManufactureCountry>לא ידוע</ManufactureCountry>
      <ManufactureItemDescription>יין שיראז-קברנה סובי</ManufactureItemDescription>
      <UnitQty>לא ידוע</UnitQty>
      <Quantity>750.00</Quantity>
      <UnitOfMeasure>100 מ"ל</UnitOfMeasure>
      <bIsWeighted>0</bIsWeighted>
      <QtyInPackage>לא ידוע</QtyInPackage>
      <ItemPrice>27.50</ItemPrice>
      <UnitOfMeasurePrice>0.04</UnitOfMeasurePrice>
      <AllowDiscount>1</AllowDiscount>
      <ItemStatus/>
    </Item>
    <Item>
      <PriceUpdateTime>2025-09-21T14:33:49.000</PriceUpdateTime>
      <ItemCode>7290017812069</ItemCode>
      <LastSaleDateTime>2026-01-22T18:59:39.000</LastSaleDateTime>
      <ItemType>1</ItemType>
      <ItemName>יין ריזלינג-שרדונה א</ItemName>
      <ManufactureName>לא ידוע</ManufactureName>
      <ManufactureCountry>לא ידוע</ManufactureCountry>
      <ManufactureItemDescription>יין ריזלינג-שרדונה א</ManufactureItemDescription>
      <UnitQty>לא ידוע</UnitQty>
      <Quantity>750.00</Quantity>
      <UnitOfMeasure>100 מ"ל</UnitOfMeasure>
      <bIsWeighted>0</bIsWeighted>
      <QtyInPackage>לא ידוע</QtyInPackage>
      <ItemPrice>27.50</ItemPrice>
      <UnitOfMeasurePrice>0.04</UnitOfMeasurePrice>
      <AllowDiscount>1</AllowDiscount>
      <ItemStatus/>
    </Item>
    <Item>
      <PriceUpdateTime>2025-09-21T14:33:49.000</PriceUpdateTime>
      <ItemCode>7290017812878</ItemCode>
      <LastSaleDateTime>2025-12-25T00:00:00.000</LastSaleDateTime>
      <ItemType>1</ItemType>
      <ItemName>יין אקסלנס רוזה יקבי</ItemName>
      <ManufactureName>לא ידוע</ManufactureName>
      <ManufactureCountry>לא ידוע</ManufactureCountry>
      <ManufactureItemDescription>יין אקסלנס רוזה יקבי</ManufactureItemDescription>
      <UnitQty>לא ידוע</UnitQty>
      <Quantity>750.00</Quantity>
      <UnitOfMeasure>100 מ"ל</UnitOfMeasure>
      <bIsWeighted>0</bIsWeighted>
      <QtyInPackage>לא ידוע</QtyInPackage>
      <ItemPrice>27.50</ItemPrice>
      <UnitOfMeasurePrice>0.04</UnitOfMeasurePrice>
      <AllowDiscount>1</AllowDiscount>
      <ItemStatus/>
    </Item>
    <Item>
      <PriceUpdateTime>2025-09-21T14:33:49.000</PriceUpdateTime>
      <ItemCode>7290017812977</ItemCode>
      <LastSaleDateTime>2026-01-26T11:08:54.000</LastSaleDateTime>
      <ItemType>1</ItemType>
      <ItemName>יין אננס 750מל באזז</ItemName>
      <ManufactureName>לא ידוע</ManufactureName>
      <ManufactureCountry>לא ידוע</ManufactureCountry>
      <ManufactureItemDescription>יין אננס 750מל באזז</ManufactureItemDescription>
      <UnitQty>לא ידוע</UnitQty>
      <Quantity>750.00</Quantity>
      <UnitOfMeasure>100 מ"ל</UnitOfMeasure>
      <bIsWeighted>0</bIsWeighted>
      <QtyInPackage>לא ידוע</QtyInPackage>
      <ItemPrice>27.50</ItemPrice>
      <UnitOfMeasurePrice>0.04</UnitOfMeasurePrice>
      <AllowDiscount>1</AllowDiscount>
      <ItemStatus/>
    </Item>
    <Item>
      <PriceUpdateTime>2025-09-21T14:33:49.000</PriceUpdateTime>
      <ItemCode>7290019302315</ItemCode>
      <LastSaleDateTime>2015-01-01T00:00:00.000</LastSaleDateTime>
      <ItemType>1</ItemType>
      <ItemName>יין אבטיח מלון 750מל</ItemName>
      <ManufactureName>לא ידוע</ManufactureName>
      <ManufactureCountry>לא ידוע</ManufactureCountry>
      <ManufactureItemDescription>יין אבטיח מלון 750מל</ManufactureItemDescription>
      <UnitQty>לא ידוע</UnitQty>
      <Quantity>750.00</Quantity>
      <UnitOfMeasure>100 מ"ל</UnitOfMeasure>
      <bIsWeighted>0</bIsWeighted>
      <QtyInPackage>לא ידוע</QtyInPackage>
      <ItemPrice>27.50</ItemPrice>
      <UnitOfMeasurePrice>0.04</UnitOfMeasurePrice>
      <AllowDiscount>1</AllowDiscount>
      <ItemStatus>2</ItemStatus>
    </Item>
    <Item>
      <PriceUpdateTime>2025-09-21T14:33:49.000</PriceUpdateTime>
      <ItemCode>7290019302315</ItemCode>
      <LastSaleDateTime>2015-01-01T00:00:00.000</LastSaleDateTime>
      <ItemType>1</ItemType>
      <ItemName>יין אבטיח מלון 750מל</ItemName>
      <ManufactureName>לא ידוע</ManufactureName>
      <ManufactureCountry>לא ידוע</ManufactureCountry>
      <ManufactureItemDescription>יין אבטיח מלון 750מל</ManufactureItemDescription>
      <UnitQty>לא ידוע</UnitQty>
      <Quantity>750.00</Quantity>
      <UnitOfMeasure>100 מ"ל</UnitOfMeasure>
      <bIsWeighted>0</bIsWeighted>
      <QtyInPackage>לא ידוע</QtyInPackage>
      <ItemPrice>27.50</ItemPrice>
      <UnitOfMeasurePrice>0.04</UnitOfMeasurePrice>
      <AllowDiscount>1</AllowDiscount>
      <ItemStatus/>
    </Item>
    <Item>
      <PriceUpdateTime>2025-09-21T14:33:49.000</PriceUpdateTime>
      <ItemCode>7290019302643</ItemCode>
      <LastSaleDateTime>2026-01-22T21:24:19.000</LastSaleDateTime>
      <ItemType>1</ItemType>
      <ItemName>יין תפוח 750מל באזז</ItemName>
      <ManufactureName>לא ידוע</ManufactureName>
      <ManufactureCountry>לא ידוע</ManufactureCountry>
      <ManufactureItemDescription>יין תפוח 750מל באזז</ManufactureItemDescription>
      <UnitQty>לא ידוע</UnitQty>
      <Quantity>750.00</Quantity>
      <UnitOfMeasure>100 מ"ל</UnitOfMeasure>
      <bIsWeighted>0</bIsWeighted>
      <QtyInPackage>לא ידוע</QtyInPackage>
      <ItemPrice>27.50</ItemPrice>
      <UnitOfMeasurePrice>0.04</UnitOfMeasurePrice>
      <AllowDiscount>1</AllowDiscount>
      <ItemStatus/>
    </Item>
    <Item>
      <PriceUpdateTime>2025-09-21T14:33:49.000</PriceUpdateTime>
      <ItemCode>7290019398226</ItemCode>
      <LastSaleDateTime>2026-01-13T22:22:03.000</LastSaleDateTime>
      <ItemType>1</ItemType>
      <ItemName>ייןקוקטייל קוסמופולי</ItemName>
      <ManufactureName>לא ידוע</ManufactureName>
      <ManufactureCountry>לא ידוע</ManufactureCountry>
      <ManufactureItemDescription>ייןקוקטייל קוסמופולי</ManufactureItemDescription>
      <UnitQty>מטרים</UnitQty>
      <Quantity>750.00</Quantity>
      <UnitOfMeasure>100 מ'ל</UnitOfMeasure>
      <bIsWeighted>0</bIsWeighted>
      <QtyInPackage>לא ידוע</QtyInPackage>
      <ItemPrice>27.50</ItemPrice>
      <UnitOfMeasurePrice>0.04</UnitOfMeasurePrice>
      <AllowDiscount>1</AllowDiscount>
      <ItemStatus/>
    </Item>
    <Item>
      <PriceUpdateTime>2025-09-21T14:33:49.000</PriceUpdateTime>
      <ItemCode>7290019398912</ItemCode>
      <LastSaleDateTime>2026-01-20T20:27:56.000</LastSaleDateTime>
      <ItemType>1</ItemType>
      <ItemName>יין אבטיח 750מל באזז</ItemName>
      <ManufactureName>לא ידוע</ManufactureName>
      <ManufactureCountry>לא ידוע</ManufactureCountry>
      <ManufactureItemDescription>יין אבטיח 750מל באזז</ManufactureItemDescription>
      <UnitQty>לא ידוע</UnitQty>
      <Quantity>750.00</Quantity>
      <UnitOfMeasure>100 מ"ל</UnitOfMeasure>
      <bIsWeighted>0</bIsWeighted>
      <QtyInPackage>לא ידוע</QtyInPackage>
      <ItemPrice>27.50</ItemPrice>
      <UnitOfMeasurePrice>0.04</UnitOfMeasurePrice>
      <AllowDiscount>1</AllowDiscount>
      <ItemStatus/>
    </Item>
    <Item>
      <PriceUpdateTime>2025-09-21T14:33:49.000</PriceUpdateTime>
      <ItemCode>7290019398929</ItemCode>
      <LastSaleDateTime>2026-01-09T11:30:45.000</LastSaleDateTime>
      <ItemType>1</ItemType>
      <ItemName>יין תות ליים 750 מל</ItemName>
      <ManufactureName>לא ידוע</ManufactureName>
      <ManufactureCountry>לא ידוע</ManufactureCountry>
      <ManufactureItemDescription>יין תות ליים 750 מל</ManufactureItemDescription>
      <UnitQty>לא ידוע</UnitQty>
      <Quantity>750.00</Quantity>
      <UnitOfMeasure>100 מ"ל</UnitOfMeasure>
      <bIsWeighted>0</bIsWeighted>
      <QtyInPackage>לא ידוע</QtyInPackage>
      <ItemPrice>27.50</ItemPrice>
      <UnitOfMeasurePrice>0.04</UnitOfMeasurePrice>
      <AllowDiscount>1</AllowDiscount>
      <ItemStatus/>
    </Item>
    <Item>
      <PriceUpdateTime>2025-09-21T14:33:49.000</PriceUpdateTime>
      <ItemCode>7290020329523</ItemCode>
      <LastSaleDateTime>2026-01-14T21:41:50.000</LastSaleDateTime>
      <ItemType>1</ItemType>
      <ItemName>יין קוקטייל מוחיטו 7</ItemName>
      <ManufactureName>לא ידוע</ManufactureName>
      <ManufactureCountry>לא ידוע</ManufactureCountry>
      <ManufactureItemDescription>יין קוקטייל מוחיטו 7</ManufactureItemDescription>
      <UnitQty>לא ידוע</UnitQty>
      <Quantity>750.00</Quantity>
      <UnitOfMeasure>100 מ"ל</UnitOfMeasure>
      <bIsWeighted>0</bIsWeighted>
      <QtyInPackage>לא ידוע</QtyInPackage>
      <ItemPrice>27.50</ItemPrice>
      <UnitOfMeasurePrice>0.04</UnitOfMeasurePrice>
      <AllowDiscount>1</AllowDiscount>
      <ItemStatus/>
    </Item>
    <Item>
      <PriceUpdateTime>2025-09-22T07:58:31.000</PriceUpdateTime>
      <ItemCode>7290019947097</ItemCode>
      <LastSaleDateTime>2026-01-22T18:10:06.000</LastSaleDateTime>
      <ItemType>1</ItemType>
      <ItemName>פאו דה קז'ו מאפה גבי</ItemName>
      <ManufactureName>לא ידוע</ManufactureName>
      <ManufactureCountry>לא ידוע</ManufactureCountry>
      <ManufactureItemDescription>פאו דה קז'ו מאפה גבי</ManufactureItemDescription>
      <UnitQty>גרם</UnitQty>
      <Quantity>600.00</Quantity>
      <UnitOfMeasure>100 גרם</UnitOfMeasure>
      <bIsWeighted>0</bIsWeighted>
      <QtyInPackage>לא ידוע</QtyInPackage>
      <ItemPrice>33.90</ItemPrice>
      <UnitOfMeasurePrice>5.65</UnitOfMeasurePrice>
      <AllowDiscount>1</AllowDiscount>
      <ItemStatus/>
    </Item>
    <Item>
      <PriceUpdateTime>2025-09-25T10:27:21.000</PriceUpdateTime>
      <ItemCode>7290011457051</ItemCode>
      <LastSaleDateTime>2015-01-01T00:00:00.000</LastSaleDateTime>
      <ItemType>1</ItemType>
      <ItemName>ליקר שוקולד 500 מל</ItemName>
      <ManufactureName>לא ידוע</ManufactureName>
      <ManufactureCountry>לא ידוע</ManufactureCountry>
      <ManufactureItemDescription>ליקר שוקולד 500 מל</ManufactureItemDescription>
      <UnitQty>מטרים</UnitQty>
      <Quantity>500.00</Quantity>
      <UnitOfMeasure>100 מ'ל</UnitOfMeasure>
      <bIsWeighted>0</bIsWeighted>
      <QtyInPackage>לא ידוע</QtyInPackage>
      <ItemPrice>32.90</ItemPrice>
      <UnitOfMeasurePrice>0.07</UnitOfMeasurePrice>
      <AllowDiscount>1</AllowDiscount>
      <ItemStatus>2</ItemStatus>
    </Item>
    <Item>
      <PriceUpdateTime>2025-09-25T10:27:21.000</PriceUpdateTime>
      <ItemCode>7290011457051</ItemCode>
      <LastSaleDateTime>2015-01-01T00:00:00.000</LastSaleDateTime>
      <ItemType>1</ItemType>
      <ItemName>ליקר שוקולד 500 מל</ItemName>
      <ManufactureName>לא ידוע</ManufactureName>
      <ManufactureCountry>לא ידוע</ManufactureCountry>
      <ManufactureItemDescription>ליקר שוקולד 500 מל</ManufactureItemDescription>
      <UnitQty>מטרים</UnitQty>
      <Quantity>500.00</Quantity>
      <UnitOfMeasure>100 מ'ל</UnitOfMeasure>
      <bIsWeighted>0</bIsWeighted>
      <QtyInPackage>לא ידוע</QtyInPackage>
      <ItemPrice>32.90</ItemPrice>
      <UnitOfMeasurePrice>0.07</UnitOfMeasurePrice>
      <AllowDiscount>1</AllowDiscount>
      <ItemStatus/>
    </Item>
    <Item>
      <PriceUpdateTime>2025-09-25T10:27:21.000</PriceUpdateTime>
      <ItemCode>7290103203412</ItemCode>
      <LastSaleDateTime>2015-01-01T00:00:00.000</LastSaleDateTime>
      <ItemType>1</ItemType>
      <ItemName>ליקר שוקולד מנטה 500</ItemName>
      <ManufactureName>לא ידוע</ManufactureName>
      <ManufactureCountry>לא ידוע</ManufactureCountry>
      <ManufactureItemDescription>ליקר שוקולד מנטה 500</ManufactureItemDescription>
      <UnitQty>מטרים</UnitQty>
      <Quantity>500.00</Quantity>
      <UnitOfMeasure>100 מ'ל</UnitOfMeasure>
      <bIsWeighted>0</bIsWeighted>
      <QtyInPackage>לא ידוע</QtyInPackage>
      <ItemPrice>32.90</ItemPrice>
      <UnitOfMeasurePrice>0.07</UnitOfMeasurePrice>
      <AllowDiscount>1</AllowDiscount>
      <ItemStatus>2</ItemStatus>
    </Item>
    <Item>
      <PriceUpdateTime>2025-09-25T10:27:21.000</PriceUpdateTime>
      <ItemCode>7290103203412</ItemCode>
      <LastSaleDateTime>2015-01-01T00:00:00.000</LastSaleDateTime>
      <ItemType>1</ItemType>
      <ItemName>ליקר שוקולד מנטה 500</ItemName>
      <ManufactureName>לא ידוע</ManufactureName>
      <ManufactureCountry>לא ידוע</ManufactureCountry>
      <ManufactureItemDescription>ליקר שוקולד מנטה 500</ManufactureItemDescription>
      <UnitQty>מטרים</UnitQty>
      <Quantity>500.00</Quantity>
      <UnitOfMeasure>100 מ'ל</UnitOfMeasure>
      <bIsWeighted>0</bIsWeighted>
      <QtyInPackage>לא ידוע</QtyInPackage>
      <ItemPrice>32.90</ItemPrice>
      <UnitOfMeasurePrice>0.07</UnitOfMeasurePrice>
      <AllowDiscount>1</AllowDiscount>
      <ItemStatus/>
    </Item>
    <Item>
      <PriceUpdateTime>2025-09-25T10:27:21.000</PriceUpdateTime>
      <ItemCode>7290103203436</ItemCode>
      <LastSaleDateTime>2015-01-01T00:00:00.000</LastSaleDateTime>
      <ItemType>1</ItemType>
      <ItemName>ליקר דובדבן 500מל</ItemName>
      <ManufactureName>לא ידוע</ManufactureName>
      <ManufactureCountry>לא ידוע</ManufactureCountry>
      <ManufactureItemDescription>ליקר דובדבן 500מל</ManufactureItemDescription>
      <UnitQty>לא ידוע</UnitQty>
      <Quantity>1.00</Quantity>
      <UnitOfMeasure>יח'</UnitOfMeasure>
      <bIsWeighted>0</bIsWeighted>
      <QtyInPackage>לא ידוע</QtyInPackage>
      <ItemPrice>32.90</ItemPrice>
      <UnitOfMeasurePrice>32.90</UnitOfMeasurePrice>
      <AllowDiscount>1</AllowDiscount>
      <ItemStatus>2</ItemStatus>
    </Item>
    <Item>
      <PriceUpdateTime>2025-09-25T10:27:21.000</PriceUpdateTime>
      <ItemCode>7290103203436</ItemCode>
      <LastSaleDateTime>2015-01-01T00:00:00.000</LastSaleDateTime>
      <ItemType>1</ItemType>
      <ItemName>ליקר דובדבן 500מל</ItemName>
      <ManufactureName>לא ידוע</ManufactureName>
      <ManufactureCountry>לא ידוע</ManufactureCountry>
      <ManufactureItemDescription>ליקר דובדבן 500מל</ManufactureItemDescription>
      <UnitQty>לא ידוע</UnitQty>
      <Quantity>1.00</Quantity>
      <UnitOfMeasure>יח'</UnitOfMeasure>
      <bIsWeighted>0</bIsWeighted>
      <QtyInPackage>לא ידוע</QtyInPackage>
      <ItemPrice>32.90</ItemPrice>
      <UnitOfMeasurePrice>32.90</UnitOfMeasurePrice>
      <AllowDiscount>1</AllowDiscount>
      <ItemStatus/>
    </Item>
    <Item>
      <PriceUpdateTime>2025-09-25T10:27:21.000</PriceUpdateTime>
      <ItemCode>7290011457068</ItemCode>
      <LastSaleDateTime>2015-01-01T00:00:00.000</LastSaleDateTime>
      <ItemType>1</ItemType>
      <ItemName>ליקר וניל 500 מ'ל</ItemName>
      <ManufactureName>לא ידוע</ManufactureName>
      <ManufactureCountry>לא ידוע</ManufactureCountry>
      <ManufactureItemDescription>ליקר וניל 500 מ'ל</ManufactureItemDescription>
      <UnitQty>מטרים</UnitQty>
      <Quantity>500.00</Quantity>
      <UnitOfMeasure>100 מ'ל</UnitOfMeasure>
      <bIsWeighted>0</bIsWeighted>
      <QtyInPackage>לא ידוע</QtyInPackage>
      <ItemPrice>32.90</ItemPrice>
      <UnitOfMeasurePrice>0.07</UnitOfMeasurePrice>
      <AllowDiscount>1</AllowDiscount>
      <ItemStatus>2</ItemStatus>
    </Item>
    <Item>
      <PriceUpdateTime>2025-09-25T10:27:21.000</PriceUpdateTime>
      <ItemCode>7290011457068</ItemCode>
      <LastSaleDateTime>2015-01-01T00:00:00.000</LastSaleDateTime>
      <ItemType>1</ItemType>
      <ItemName>ליקר וניל 500 מ'ל</ItemName>
      <ManufactureName>לא ידוע</ManufactureName>
      <ManufactureCountry>לא ידוע</ManufactureCountry>
      <ManufactureItemDescription>ליקר וניל 500 מ'ל</ManufactureItemDescription>
      <UnitQty>מטרים</UnitQty>
      <Quantity>500.00</Quantity>
      <UnitOfMeasure>100 מ'ל</UnitOfMeasure>
      <bIsWeighted>0</bIsWeighted>
      <QtyInPackage>לא ידוע</QtyInPackage>
      <ItemPrice>32.90</ItemPrice>
      <UnitOfMeasurePrice>0.07</UnitOfMeasurePrice>
      <AllowDiscount>1</AllowDiscount>
      <ItemStatus/>
    </Item>
    <Item>
      <PriceUpdateTime>2025-09-25T10:27:21.000</PriceUpdateTime>
      <ItemCode>7290103203405</ItemCode>
      <LastSaleDateTime>2015-01-01T00:00:00.000</LastSaleDateTime>
      <ItemType>1</ItemType>
      <ItemName>ליקר שוקולד תפוז 500</ItemName>
      <ManufactureName>לא ידוע</ManufactureName>
      <ManufactureCountry>לא ידוע</ManufactureCountry>
      <ManufactureItemDescription>ליקר שוקולד תפוז 500</ManufactureItemDescription>
      <UnitQty>מטרים</UnitQty>
      <Quantity>500.00</Quantity>
      <UnitOfMeasure>100 מ'ל</UnitOfMeasure>
      <bIsWeighted>0</bIsWeighted>
      <QtyInPackage>לא ידוע</QtyInPackage>
      <ItemPrice>32.90</ItemPrice>
      <UnitOfMeasurePrice>0.07</UnitOfMeasurePrice>
      <AllowDiscount>1</AllowDiscount>
      <ItemStatus>2</ItemStatus>
    </Item>
    <Item>
      <PriceUpdateTime>2025-09-25T10:27:21.000</PriceUpdateTime>
      <ItemCode>7290103203405</ItemCode>
      <LastSaleDateTime>2015-01-01T00:00:00.000</LastSaleDateTime>
      <ItemType>1</ItemType>
      <ItemName>ליקר שוקולד תפוז 500</ItemName>
      <ManufactureName>לא ידוע</ManufactureName>
      <ManufactureCountry>לא ידוע</ManufactureCountry>
      <ManufactureItemDescription>ליקר שוקולד תפוז 500</ManufactureItemDescription>
      <UnitQty>מטרים</UnitQty>
      <Quantity>500.00</Quantity>
      <UnitOfMeasure>100 מ'ל</UnitOfMeasure>
      <bIsWeighted>0</bIsWeighted>
      <QtyInPackage>לא ידוע</QtyInPackage>
      <ItemPrice>32.90</ItemPrice>
      <UnitOfMeasurePrice>0.07</UnitOfMeasurePrice>
      <AllowDiscount>1</AllowDiscount>
      <ItemStatus/>
    </Item>
    <Item>
      <PriceUpdateTime>2025-09-25T10:27:21.000</PriceUpdateTime>
      <ItemCode>7290103203443</ItemCode>
      <LastSaleDateTime>2015-01-01T00:00:00.000</LastSaleDateTime>
      <ItemType>1</ItemType>
      <ItemName>ליקר בננה 500 מל</ItemName>
      <ManufactureName>לא ידוע</ManufactureName>
      <ManufactureCountry>לא ידוע</ManufactureCountry>
      <ManufactureItemDescription>ליקר בננה 500 מל</ManufactureItemDescription>
      <UnitQty>מטרים</UnitQty>
      <Quantity>500.00</Quantity>
      <UnitOfMeasure>100 מ'ל</UnitOfMeasure>
      <bIsWeighted>0</bIsWeighted>
      <QtyInPackage>לא ידוע</QtyInPackage>
      <ItemPrice>32.90</ItemPrice>
      <UnitOfMeasurePrice>0.07</UnitOfMeasurePrice>
      <AllowDiscount>1</AllowDiscount>
      <ItemStatus>2</ItemStatus>
    </Item>
    <Item>
      <PriceUpdateTime>2025-09-25T10:27:21.000</PriceUpdateTime>
      <ItemCode>7290103203443</ItemCode>
      <LastSaleDateTime>2015-01-01T00:00:00.000</LastSaleDateTime>
      <ItemType>1</ItemType>
      <ItemName>ליקר בננה 500 מל</ItemName>
      <ManufactureName>לא ידוע</ManufactureName>
      <ManufactureCountry>לא ידוע</ManufactureCountry>
      <ManufactureItemDescription>ליקר בננה 500 מל</ManufactureItemDescription>
      <UnitQty>מטרים</UnitQty>
      <Quantity>500.00</Quantity>
      <UnitOfMeasure>100 מ'ל</UnitOfMeasure>
      <bIsWeighted>0</bIsWeighted>
      <QtyInPackage>לא ידוע</QtyInPackage>
      <ItemPrice>32.90</ItemPrice>
      <UnitOfMeasurePrice>0.07</UnitOfMeasurePrice>
      <AllowDiscount>1</AllowDiscount>
      <ItemStatus/>
    </Item>
    <Item>
      <PriceUpdateTime>2025-09-25T10:27:21.000</PriceUpdateTime>
      <ItemCode>7290103203450</ItemCode>
      <LastSaleDateTime>2015-01-01T00:00:00.000</LastSaleDateTime>
      <ItemType>1</ItemType>
      <ItemName>ליקר אמרטו צ'לו 500</ItemName>
      <ManufactureName>לא ידוע</ManufactureName>
      <ManufactureCountry>לא ידוע</ManufactureCountry>
      <ManufactureItemDescription>ליקר אמרטו צ'לו 500</ManufactureItemDescription>
      <UnitQty>מטרים</UnitQty>
      <Quantity>500.00</Quantity>
      <UnitOfMeasure>100 מ'ל</UnitOfMeasure>
      <bIsWeighted>0</bIsWeighted>
      <QtyInPackage>לא ידוע</QtyInPackage>
      <ItemPrice>32.90</ItemPrice>
      <UnitOfMeasurePrice>0.07</UnitOfMeasurePrice>
      <AllowDiscount>1</AllowDiscount>
      <ItemStatus>2</ItemStatus>
    </Item>
    <Item>
      <PriceUpdateTime>2025-09-25T10:27:21.000</PriceUpdateTime>
      <ItemCode>7290103203450</ItemCode>
      <LastSaleDateTime>2015-01-01T00:00:00.000</LastSaleDateTime>
      <ItemType>1</ItemType>
      <ItemName>ליקר אמרטו צ'לו 500</ItemName>
      <ManufactureName>לא ידוע</ManufactureName>
      <ManufactureCountry>לא ידוע</ManufactureCountry>
      <ManufactureItemDescription>ליקר אמרטו צ'לו 500</ManufactureItemDescription>
      <UnitQty>מטרים</UnitQty>
      <Quantity>500.00</Quantity>
      <UnitOfMeasure>100 מ'ל</UnitOfMeasure>
      <bIsWeighted>0</bIsWeighted>
      <QtyInPackage>לא ידוע</QtyInPackage>
      <ItemPrice>32.90</ItemPrice>
      <UnitOfMeasurePrice>0.07</UnitOfMeasurePrice>
      <AllowDiscount>1</AllowDiscount>
      <ItemStatus/>
    </Item>
    <Item>
      <PriceUpdateTime>2025-09-28T15:22:23.000</PriceUpdateTime>
      <ItemCode>7290111346828</ItemCode>
      <LastSaleDateTime>2026-01-29T16:55:25.000</LastSaleDateTime>
      <ItemType>1</ItemType>
      <ItemName>נייר טואלט לילי טריו</ItemName>
      <ManufactureName>לא ידוע</ManufactureName>
      <ManufactureCountry>לא ידוע</ManufactureCountry>
      <ManufactureItemDescription>נייר טואלט לילי טריו</ManufactureItemDescription>
      <UnitQty>לא ידוע</UnitQty>
      <Quantity>485.80</Quantity>
      <UnitOfMeasure>מטר</UnitOfMeasure>
      <bIsWeighted>0</bIsWeighted>
      <QtyInPackage>לא ידוע</QtyInPackage>
      <ItemPrice>39.90</ItemPrice>
      <UnitOfMeasurePrice>0.08</UnitOfMeasurePrice>
      <AllowDiscount>1</AllowDiscount>
      <ItemStatus/>
    </Item>
    <Item>
      <PriceUpdateTime>2025-09-30T10:24:16.000</PriceUpdateTime>
      <ItemCode>7290000000186</ItemCode>
      <LastSaleDateTime>2026-01-29T10:51:24.000</LastSaleDateTime>
      <ItemType>1</ItemType>
      <ItemName>תפוח עץ יונתן</ItemName>
      <ManufactureName>ביכורי השקמה</ManufactureName>
      <ManufactureCountry>לא ידוע</ManufactureCountry>
      <ManufactureItemDescription>תפוח עץ יונתן</ManufactureItemDescription>
      <UnitQty>קילוגרם</UnitQty>
      <Quantity>1.00</Quantity>
      <UnitOfMeasure>ק"ג     </UnitOfMeasure>
      <bIsWeighted>1</bIsWeighted>
      <QtyInPackage>לא ידוע</QtyInPackage>
      <ItemPrice>9.90</ItemPrice>
      <UnitOfMeasurePrice>9.90</UnitOfMeasurePrice>
      <AllowDiscount>1</AllowDiscount>
      <ItemStatus/>
    </Item>
    <Item>
      <PriceUpdateTime>2025-10-05T12:24:45.000</PriceUpdateTime>
      <ItemCode>7290000002013</ItemCode>
      <LastSaleDateTime>2026-01-29T10:09:35.000</LastSaleDateTime>
      <ItemType>1</ItemType>
      <ItemName>תפוח עץ בשקית</ItemName>
      <ManufactureName>ביכורי השקמה</ManufactureName>
      <ManufactureCountry>לא ידוע</ManufactureCountry>
      <ManufactureItemDescription>תפוח עץ בשקית</ManufactureItemDescription>
      <UnitQty>קילוגרם</UnitQty>
      <Quantity>1.00</Quantity>
      <UnitOfMeasure>ק"ג     </UnitOfMeasure>
      <bIsWeighted>1</bIsWeighted>
      <QtyInPackage>לא ידוע</QtyInPackage>
      <ItemPrice>5.90</ItemPrice>
      <UnitOfMeasurePrice>5.90</UnitOfMeasurePrice>
      <AllowDiscount>1</AllowDiscount>
      <ItemStatus/>
    </Item>
    <Item>
      <PriceUpdateTime>2025-10-05T12:24:46.000</PriceUpdateTime>
      <ItemCode>7290010002009</ItemCode>
      <LastSaleDateTime>2026-01-22T19:51:26.000</LastSaleDateTime>
      <ItemType>1</ItemType>
      <ItemName>תערובת תיבול לציפוי</ItemName>
      <ManufactureName>תבליני מימון</ManufactureName>
      <ManufactureCountry>לא ידוע</ManufactureCountry>
      <ManufactureItemDescription>תערובת תיבול לציפוי</ManufactureItemDescription>
      <UnitQty>גרם</UnitQty>
      <Quantity>130.00</Quantity>
      <UnitOfMeasure>100 גרם</UnitOfMeasure>
      <bIsWeighted>0</bIsWeighted>
      <QtyInPackage>לא ידוע</QtyInPackage>
      <ItemPrice>12.40</ItemPrice>
      <UnitOfMeasurePrice>9.54</UnitOfMeasurePrice>
      <AllowDiscount>1</AllowDiscount>
      <ItemStatus/>
    </Item>
    <Item>
      <PriceUpdateTime>2025-10-05T12:24:46.000</PriceUpdateTime>
      <ItemCode>7290015781084</ItemCode>
      <LastSaleDateTime>2015-01-01T00:00:00.000</LastSaleDateTime>
      <ItemType>1</ItemType>
      <ItemName>ויז'ן שרדונה סמיון 7</ItemName>
      <ManufactureName>לא ידוע</ManufactureName>
      <ManufactureCountry>לא ידוע</ManufactureCountry>
      <ManufactureItemDescription>ויז'ן שרדונה סמיון 7</ManufactureItemDescription>
      <UnitQty>לא ידוע</UnitQty>
      <Quantity>750.00</Quantity>
      <UnitOfMeasure>100 מ"ל</UnitOfMeasure>
      <bIsWeighted>0</bIsWeighted>
      <QtyInPackage>לא ידוע</QtyInPackage>
      <ItemPrice>39.10</ItemPrice>
      <UnitOfMeasurePrice>0.05</UnitOfMeasurePrice>
      <AllowDiscount>1</AllowDiscount>
      <ItemStatus>2</ItemStatus>
    </Item>
    <Item>
      <PriceUpdateTime>2025-10-05T12:24:46.000</PriceUpdateTime>
      <ItemCode>7290015781084</ItemCode>
      <LastSaleDateTime>2015-01-01T00:00:00.000</LastSaleDateTime>
      <ItemType>1</ItemType>
      <ItemName>ויז'ן שרדונה סמיון 7</ItemName>
      <ManufactureName>לא ידוע</ManufactureName>
      <ManufactureCountry>לא ידוע</ManufactureCountry>
      <ManufactureItemDescription>ויז'ן שרדונה סמיון 7</ManufactureItemDescription>
      <UnitQty>לא ידוע</UnitQty>
      <Quantity>750.00</Quantity>
      <UnitOfMeasure>100 מ"ל</UnitOfMeasure>
      <bIsWeighted>0</bIsWeighted>
      <QtyInPackage>לא ידוע</QtyInPackage>
      <ItemPrice>39.10</ItemPrice>
      <UnitOfMeasurePrice>0.05</UnitOfMeasurePrice>
      <AllowDiscount>1</AllowDiscount>
      <ItemStatus/>
    </Item>
    <Item>
      <PriceUpdateTime>2025-10-05T12:24:57.000</PriceUpdateTime>
      <ItemCode>7290018195932</ItemCode>
      <LastSaleDateTime>2026-01-28T18:58:56.000</LastSaleDateTime>
      <ItemType>1</ItemType>
      <ItemName>תרסיס שמן קנולה 156</ItemName>
      <ManufactureName>לא ידוע</ManufactureName>
      <ManufactureCountry>לא ידוע</ManufactureCountry>
      <ManufactureItemDescription>תרסיס שמן קנולה 156</ManufactureItemDescription>
      <UnitQty>לא ידוע</UnitQty>
      <Quantity>156.00</Quantity>
      <UnitOfMeasure>100 מ"ל</UnitOfMeasure>
      <bIsWeighted>0</bIsWeighted>
      <QtyInPackage>לא ידוע</QtyInPackage>
      <ItemPrice>12.90</ItemPrice>
      <UnitOfMeasurePrice>0.08</UnitOfMeasurePrice>
      <AllowDiscount>1</AllowDiscount>
      <ItemStatus/>
    </Item>
    <Item>
      <PriceUpdateTime>2025-10-08T15:05:10.000</PriceUpdateTime>
      <ItemCode>7290000000315</ItemCode>
      <LastSaleDateTime>2026-01-28T16:04:45.000</LastSaleDateTime>
      <ItemType>1</ItemType>
      <ItemName>שרי מנומר</ItemName>
      <ManufactureName>ביכורי השקמה</ManufactureName>
      <ManufactureCountry>לא ידוע</ManufactureCountry>
      <ManufactureItemDescription>שרי מנומר</ManufactureItemDescription>
      <UnitQty>קילוגרם</UnitQty>
      <Quantity>1.00</Quantity>
      <UnitOfMeasure>ק"ג     </UnitOfMeasure>
      <bIsWeighted>1</bIsWeighted>
      <QtyInPackage>לא ידוע</QtyInPackage>
      <ItemPrice>23.90</ItemPrice>
      <UnitOfMeasurePrice>23.90</UnitOfMeasurePrice>
      <AllowDiscount>1</AllowDiscount>
      <ItemStatus/>
    </Item>
    <Item>
      <PriceUpdateTime>2025-10-08T15:05:10.000</PriceUpdateTime>
      <ItemCode>7290000000390</ItemCode>
      <LastSaleDateTime>2026-01-28T16:09:42.000</LastSaleDateTime>
      <ItemType>1</ItemType>
      <ItemName>עגבניות שרי וויטני</ItemName>
      <ManufactureName>לא ידוע</ManufactureName>
      <ManufactureCountry>לא ידוע</ManufactureCountry>
      <ManufactureItemDescription>עגבניות שרי וויטני</ManufactureItemDescription>
      <UnitQty>קילוגרם</UnitQty>
      <Quantity>1.00</Quantity>
      <UnitOfMeasure>ק"ג     </UnitOfMeasure>
      <bIsWeighted>1</bIsWeighted>
      <QtyInPackage>לא ידוע</QtyInPackage>
      <ItemPrice>23.90</ItemPrice>
      <UnitOfMeasurePrice>23.90</UnitOfMeasurePrice>
      <AllowDiscount>1</AllowDiscount>
      <ItemStatus/>
    </Item>
    <Item>
      <PriceUpdateTime>2025-10-08T15:05:22.000</PriceUpdateTime>
      <ItemCode>7290012938597</ItemCode>
      <LastSaleDateTime>2026-01-29T15:31:45.000</LastSaleDateTime>
      <ItemType>1</ItemType>
      <ItemName>סנסודיין רפיד רליף 7</ItemName>
      <ManufactureName>סנסודיין</ManufactureName>
      <ManufactureCountry>סלובקיה</ManufactureCountry>
      <ManufactureItemDescription>סנסודיין רפיד רליף 75 מ''</ManufactureItemDescription>
      <UnitQty>לא ידוע</UnitQty>
      <Quantity>75.00</Quantity>
      <UnitOfMeasure>100 מ"ל</UnitOfMeasure>
      <bIsWeighted>0</bIsWeighted>
      <QtyInPackage>לא ידוע</QtyInPackage>
      <ItemPrice>26.10</ItemPrice>
      <UnitOfMeasurePrice>0.35</UnitOfMeasurePrice>
      <AllowDiscount>1</AllowDiscount>
      <ItemStatus/>
    </Item>
    <Item>
      <PriceUpdateTime>2025-10-08T15:05:22.000</PriceUpdateTime>
      <ItemCode>7290017031477</ItemCode>
      <LastSaleDateTime>2026-01-22T18:44:23.000</LastSaleDateTime>
      <ItemType>1</ItemType>
      <ItemName>משחת סנסודיין רפיד ר</ItemName>
      <ManufactureName>לא ידוע</ManufactureName>
      <ManufactureCountry>לא ידוע</ManufactureCountry>
      <ManufactureItemDescription>משחת סנסודיין רפיד ר</ManufactureItemDescription>
      <UnitQty>לא ידוע</UnitQty>
      <Quantity>1.00</Quantity>
      <UnitOfMeasure>יח'</UnitOfMeasure>
      <bIsWeighted>0</bIsWeighted>
      <QtyInPackage>לא ידוע</QtyInPackage>
      <ItemPrice>26.10</ItemPrice>
      <UnitOfMeasurePrice>26.10</UnitOfMeasurePrice>
      <AllowDiscount>1</AllowDiscount>
      <ItemStatus/>
    </Item>
    <Item>
      <PriceUpdateTime>2025-10-12T12:14:04.000</PriceUpdateTime>
      <ItemCode>7290020076380</ItemCode>
      <LastSaleDateTime>2026-01-22T19:58:08.000</LastSaleDateTime>
      <ItemType>1</ItemType>
      <ItemName>נתחי הרינג נורווגי ב</ItemName>
      <ManufactureName>לא ידוע</ManufactureName>
      <ManufactureCountry>לא ידוע</ManufactureCountry>
      <ManufactureItemDescription>נתחי הרינג נורווגי ב</ManufactureItemDescription>
      <UnitQty>גרם</UnitQty>
      <Quantity>500.00</Quantity>
      <UnitOfMeasure>100 גרם</UnitOfMeasure>
      <bIsWeighted>0</bIsWeighted>
      <QtyInPackage>לא ידוע</QtyInPackage>
      <ItemPrice>32.90</ItemPrice>
      <UnitOfMeasurePrice>6.58</UnitOfMeasurePrice>
      <AllowDiscount>1</AllowDiscount>
      <ItemStatus/>
    </Item>
    <Item>
      <PriceUpdateTime>2025-10-12T12:14:04.000</PriceUpdateTime>
      <ItemCode>8700216704779</ItemCode>
      <LastSaleDateTime>2026-01-22T14:52:04.000</LastSaleDateTime>
      <ItemType>1</ItemType>
      <ItemName>לנור כדוריות 495 גרם</ItemName>
      <ManufactureName>לא ידוע</ManufactureName>
      <ManufactureCountry>לא ידוע</ManufactureCountry>
      <ManufactureItemDescription>לנור כדוריות 495 גרם</ManufactureItemDescription>
      <UnitQty>לא ידוע</UnitQty>
      <Quantity>495.00</Quantity>
      <UnitOfMeasure>100 מ"ל</UnitOfMeasure>
      <bIsWeighted>0</bIsWeighted>
      <QtyInPackage>לא ידוע</QtyInPackage>
      <ItemPrice>49.90</ItemPrice>
      <UnitOfMeasurePrice>0.10</UnitOfMeasurePrice>
      <AllowDiscount>1</AllowDiscount>
      <ItemStatus/>
    </Item>
    <Item>
      <PriceUpdateTime>2025-10-16T09:39:57.000</PriceUpdateTime>
      <ItemCode>7290118070115</ItemCode>
      <LastSaleDateTime>2026-01-22T11:07:13.000</LastSaleDateTime>
      <ItemType>1</ItemType>
      <ItemName>שמיכת פרווה מפנקת 20</ItemName>
      <ManufactureName>לא ידוע</ManufactureName>
      <ManufactureCountry>לא ידוע</ManufactureCountry>
      <ManufactureItemDescription>שמיכת פרווה מפנקת 20</ManufactureItemDescription>
      <UnitQty>לא ידוע</UnitQty>
      <Quantity>1.00</Quantity>
      <UnitOfMeasure>יח'</UnitOfMeasure>
      <bIsWeighted>0</bIsWeighted>
      <QtyInPackage>לא ידוע</QtyInPackage>
      <ItemPrice>50.90</ItemPrice>
      <UnitOfMeasurePrice>50.90</UnitOfMeasurePrice>
      <AllowDiscount>1</AllowDiscount>
      <ItemStatus/>
    </Item>
    <Item>
      <PriceUpdateTime>2025-10-19T10:52:25.000</PriceUpdateTime>
      <ItemCode>7290015821797</ItemCode>
      <LastSaleDateTime>2026-01-28T18:02:47.000</LastSaleDateTime>
      <ItemType>1</ItemType>
      <ItemName>נר נשמה פרימיום 50 ש</ItemName>
      <ManufactureName>לא ידוע</ManufactureName>
      <ManufactureCountry>לא ידוע</ManufactureCountry>
      <ManufactureItemDescription>נר נשמה פרימיום 50 ש</ManufactureItemDescription>
      <UnitQty>לא ידוע</UnitQty>
      <Quantity>1.00</Quantity>
      <UnitOfMeasure>יח'</UnitOfMeasure>
      <bIsWeighted>0</bIsWeighted>
      <QtyInPackage>לא ידוע</QtyInPackage>
      <ItemPrice>4.50</ItemPrice>
      <UnitOfMeasurePrice>4.50</UnitOfMeasurePrice>
      <AllowDiscount>1</AllowDiscount>
      <ItemStatus/>
    </Item>
    <Item>
      <PriceUpdateTime>2025-10-22T11:35:24.000</PriceUpdateTime>
      <ItemCode>4810168062002</ItemCode>
      <LastSaleDateTime>2026-01-29T13:28:26.000</LastSaleDateTime>
      <ItemType>1</ItemType>
      <ItemName>פילה דג הרינג עם תבל</ItemName>
      <ManufactureName>לא ידוע</ManufactureName>
      <ManufactureCountry>לא ידוע</ManufactureCountry>
      <ManufactureItemDescription>פילה דג הרינג עם תבל</ManufactureItemDescription>
      <UnitQty>גרם</UnitQty>
      <Quantity>290.00</Quantity>
      <UnitOfMeasure>100 גרם</UnitOfMeasure>
      <bIsWeighted>0</bIsWeighted>
      <QtyInPackage>לא ידוע</QtyInPackage>
      <ItemPrice>21.90</ItemPrice>
      <UnitOfMeasurePrice>7.55</UnitOfMeasurePrice>
      <AllowDiscount>1</AllowDiscount>
      <ItemStatus/>
    </Item>
    <Item>
      <PriceUpdateTime>2025-10-22T11:35:26.000</PriceUpdateTime>
      <ItemCode>7290110116255</ItemCode>
      <LastSaleDateTime>2026-01-29T10:49:16.000</LastSaleDateTime>
      <ItemType>1</ItemType>
      <ItemName>נביעות+ נענע מנטה 1.</ItemName>
      <ManufactureName>לא ידוע</ManufactureName>
      <ManufactureCountry>לא ידוע</ManufactureCountry>
      <ManufactureItemDescription>נביעות+ נענע מנטה 1.</ManufactureItemDescription>
      <UnitQty>ליטר</UnitQty>
      <Quantity>1.50</Quantity>
      <UnitOfMeasure>ליטר    </UnitOfMeasure>
      <bIsWeighted>0</bIsWeighted>
      <QtyInPackage>לא ידוע</QtyInPackage>
      <ItemPrice>9.20</ItemPrice>
      <UnitOfMeasurePrice>6.13</UnitOfMeasurePrice>
      <AllowDiscount>1</AllowDiscount>
      <ItemStatus/>
    </Item>
    <Item>
      <PriceUpdateTime>2025-10-22T11:35:26.000</PriceUpdateTime>
      <ItemCode>7290119383603</ItemCode>
      <LastSaleDateTime>2026-01-22T19:41:57.000</LastSaleDateTime>
      <ItemType>1</ItemType>
      <ItemName>מאסט טעם תות 58 גר</ItemName>
      <ManufactureName>לא ידוע</ManufactureName>
      <ManufactureCountry>לא ידוע</ManufactureCountry>
      <ManufactureItemDescription>מאסט טעם תות 58 גר</ManufactureItemDescription>
      <UnitQty>גרם</UnitQty>
      <Quantity>58.00</Quantity>
      <UnitOfMeasure>100 גרם</UnitOfMeasure>
      <bIsWeighted>0</bIsWeighted>
      <QtyInPackage>לא ידוע</QtyInPackage>
      <ItemPrice>8.90</ItemPrice>
      <UnitOfMeasurePrice>15.34</UnitOfMeasurePrice>
      <AllowDiscount>1</AllowDiscount>
      <ItemStatus/>
    </Item>
    <Item>
      <PriceUpdateTime>2025-10-22T11:35:26.000</PriceUpdateTime>
      <ItemCode>7290120126060</ItemCode>
      <LastSaleDateTime>2026-01-22T19:15:29.000</LastSaleDateTime>
      <ItemType>1</ItemType>
      <ItemName>זוג גרבי גבר חורף חצ</ItemName>
      <ManufactureName>לא ידוע</ManufactureName>
      <ManufactureCountry>לא ידוע</ManufactureCountry>
      <ManufactureItemDescription>זוג גרבי גבר חורף חצ</ManufactureItemDescription>
      <UnitQty>לא ידוע</UnitQty>
      <Quantity>1.00</Quantity>
      <UnitOfMeasure>יח'</UnitOfMeasure>
      <bIsWeighted>0</bIsWeighted>
      <QtyInPackage>לא ידוע</QtyInPackage>
      <ItemPrice>19.90</ItemPrice>
      <UnitOfMeasurePrice>19.90</UnitOfMeasurePrice>
      <AllowDiscount>1</AllowDiscount>
      <ItemStatus/>
    </Item>
    <Item>
      <PriceUpdateTime>2025-10-22T11:35:27.000</PriceUpdateTime>
      <ItemCode>7290120870796</ItemCode>
      <LastSaleDateTime>2026-01-28T14:43:11.000</LastSaleDateTime>
      <ItemType>1</ItemType>
      <ItemName>פתיתי ביצים כוכבים 4</ItemName>
      <ManufactureName>לא ידוע</ManufactureName>
      <ManufactureCountry>לא ידוע</ManufactureCountry>
      <ManufactureItemDescription>פתיתי ביצים כוכבים 4</ManufactureItemDescription>
      <UnitQty>גרם</UnitQty>
      <Quantity>400.00</Quantity>
      <UnitOfMeasure>100 גרם</UnitOfMeasure>
      <bIsWeighted>0</bIsWeighted>
      <QtyInPackage>לא ידוע</QtyInPackage>
      <ItemPrice>14.90</ItemPrice>
      <UnitOfMeasurePrice>3.73</UnitOfMeasurePrice>
      <AllowDiscount>1</AllowDiscount>
      <ItemStatus/>
    </Item>
    <Item>
      <PriceUpdateTime>2025-10-26T08:40:50.000</PriceUpdateTime>
      <ItemCode>7290108358759</ItemCode>
      <LastSaleDateTime>2026-01-29T12:36:54.000</LastSaleDateTime>
      <ItemType>1</ItemType>
      <ItemName>גל כביסה+ מרכך בניחו</ItemName>
      <ManufactureName>לא ידוע</ManufactureName>
      <ManufactureCountry>לא ידוע</ManufactureCountry>
      <ManufactureItemDescription>גל כביסה+ מרכך בניחו</ManufactureItemDescription>
      <UnitQty>ליטר</UnitQty>
      <Quantity>2.00</Quantity>
      <UnitOfMeasure>ליטר    </UnitOfMeasure>
      <bIsWeighted>0</bIsWeighted>
      <QtyInPackage>לא ידוע</QtyInPackage>
      <ItemPrice>39.90</ItemPrice>
      <UnitOfMeasurePrice>19.95</UnitOfMeasurePrice>
      <AllowDiscount>1</AllowDiscount>
      <ItemStatus/>
    </Item>
    <Item>
      <PriceUpdateTime>2025-10-26T08:40:50.000</PriceUpdateTime>
      <ItemCode>7290108358872</ItemCode>
      <LastSaleDateTime>2026-01-29T14:24:26.000</LastSaleDateTime>
      <ItemType>1</ItemType>
      <ItemName>סנו סושי כיסוי ניילו</ItemName>
      <ManufactureName>לא ידוע</ManufactureName>
      <ManufactureCountry>לא ידוע</ManufactureCountry>
      <ManufactureItemDescription>סנו סושי כיסוי ניילו</ManufactureItemDescription>
      <UnitQty>לא ידוע</UnitQty>
      <Quantity>1.00</Quantity>
      <UnitOfMeasure>יח'</UnitOfMeasure>
      <bIsWeighted>0</bIsWeighted>
      <QtyInPackage>לא ידוע</QtyInPackage>
      <ItemPrice>11.50</ItemPrice>
      <UnitOfMeasurePrice>11.50</UnitOfMeasurePrice>
      <AllowDiscount>1</AllowDiscount>
      <ItemStatus/>
    </Item>
    <Item>
      <PriceUpdateTime>2025-10-26T08:40:50.000</PriceUpdateTime>
      <ItemCode>7290108358889</ItemCode>
      <LastSaleDateTime>2026-01-29T14:24:26.000</LastSaleDateTime>
      <ItemType>1</ItemType>
      <ItemName>סנו סושי כיסוי ניילו</ItemName>
      <ManufactureName>לא ידוע</ManufactureName>
      <ManufactureCountry>לא ידוע</ManufactureCountry>
      <ManufactureItemDescription>סנו סושי כיסוי ניילו</ManufactureItemDescription>
      <UnitQty>לא ידוע</UnitQty>
      <Quantity>1.00</Quantity>
      <UnitOfMeasure>יח'</UnitOfMeasure>
      <bIsWeighted>0</bIsWeighted>
      <QtyInPackage>לא ידוע</QtyInPackage>
      <ItemPrice>11.50</ItemPrice>
      <UnitOfMeasurePrice>11.50</UnitOfMeasurePrice>
      <AllowDiscount>1</AllowDiscount>
      <ItemStatus/>
    </Item>
    <Item>
      <PriceUpdateTime>2025-10-26T08:40:57.000</PriceUpdateTime>
      <ItemCode>7290002603863</ItemCode>
      <LastSaleDateTime>2026-01-28T21:37:12.000</LastSaleDateTime>
      <ItemType>1</ItemType>
      <ItemName>אמפנדס בשר 600 גר רמ</ItemName>
      <ManufactureName>לא ידוע</ManufactureName>
      <ManufactureCountry>לא ידוע</ManufactureCountry>
      <ManufactureItemDescription>אמפנדס בשר 600 גר רמ</ManufactureItemDescription>
      <UnitQty>גרם</UnitQty>
      <Quantity>600.00</Quantity>
      <UnitOfMeasure>100 גרם</UnitOfMeasure>
      <bIsWeighted>0</bIsWeighted>
      <QtyInPackage>לא ידוע</QtyInPackage>
      <ItemPrice>11.90</ItemPrice>
      <UnitOfMeasurePrice>1.98</UnitOfMeasurePrice>
      <AllowDiscount>1</AllowDiscount>
      <ItemStatus/>
    </Item>
    <Item>
      <PriceUpdateTime>2025-10-27T09:54:07.000</PriceUpdateTime>
      <ItemCode>7290000000197</ItemCode>
      <LastSaleDateTime>2026-01-29T20:13:46.000</LastSaleDateTime>
      <ItemType>1</ItemType>
      <ItemName>חבוש</ItemName>
      <ManufactureName>ש.פשה</ManufactureName>
      <ManufactureCountry>לא ידוע</ManufactureCountry>
      <ManufactureItemDescription>חבוש</ManufactureItemDescription>
      <UnitQty>קילוגרם</UnitQty>
      <Quantity>1.00</Quantity>
      <UnitOfMeasure>ק"ג     </UnitOfMeasure>
      <bIsWeighted>1</bIsWeighted>
      <QtyInPackage>לא ידוע</QtyInPackage>
      <ItemPrice>13.90</ItemPrice>
      <UnitOfMeasurePrice>13.90</UnitOfMeasurePrice>
      <AllowDiscount>1</AllowDiscount>
      <ItemStatus/>
    </Item>
    <Item>
      <PriceUpdateTime>2025-10-29T07:52:03.000</PriceUpdateTime>
      <ItemCode>7290108356854</ItemCode>
      <LastSaleDateTime>2026-01-29T13:35:26.000</LastSaleDateTime>
      <ItemType>1</ItemType>
      <ItemName>מגבונים לחים לתינוק</ItemName>
      <ManufactureName>לא ידוע</ManufactureName>
      <ManufactureCountry>לא ידוע</ManufactureCountry>
      <ManufactureItemDescription>מגבונים לחים לתינוק</ManufactureItemDescription>
      <UnitQty>לא ידוע</UnitQty>
      <Quantity>1.00</Quantity>
      <UnitOfMeasure>יח'</UnitOfMeasure>
      <bIsWeighted>0</bIsWeighted>
      <QtyInPackage>לא ידוע</QtyInPackage>
      <ItemPrice>16.90</ItemPrice>
      <UnitOfMeasurePrice>16.90</UnitOfMeasurePrice>
      <AllowDiscount>1</AllowDiscount>
      <ItemStatus/>
    </Item>
    <Item>
      <PriceUpdateTime>2025-10-30T11:37:03.000</PriceUpdateTime>
      <ItemCode>5029053523446</ItemCode>
      <LastSaleDateTime>2026-01-29T18:24:04.000</LastSaleDateTime>
      <ItemType>1</ItemType>
      <ItemName>תחבושות ללילה עם כנפ</ItemName>
      <ManufactureName>קוטקס</ManufactureName>
      <ManufactureCountry>לא ידוע</ManufactureCountry>
      <ManufactureItemDescription>תחבושות ללילה עם כנפ</ManufactureItemDescription>
      <UnitQty>לא ידוע</UnitQty>
      <Quantity>20.00</Quantity>
      <UnitOfMeasure>יח'</UnitOfMeasure>
      <bIsWeighted>0</bIsWeighted>
      <QtyInPackage>לא ידוע</QtyInPackage>
      <ItemPrice>17.90</ItemPrice>
      <UnitOfMeasurePrice>0.89</UnitOfMeasurePrice>
      <AllowDiscount>1</AllowDiscount>
      <ItemStatus/>
    </Item>
    <Item>
      <PriceUpdateTime>2025-10-30T11:37:04.000</PriceUpdateTime>
      <ItemCode>7290000188553</ItemCode>
      <LastSaleDateTime>2026-01-29T19:05:43.000</LastSaleDateTime>
      <ItemType>1</ItemType>
      <ItemName>מגן תחתון נורמל קוטק</ItemName>
      <ManufactureName>קוטקס</ManufactureName>
      <ManufactureCountry>לא ידוע</ManufactureCountry>
      <ManufactureItemDescription>מגן תחתון נורמל קוטק</ManufactureItemDescription>
      <UnitQty>לא ידוע</UnitQty>
      <Quantity>60.00</Quantity>
      <UnitOfMeasure>יח'</UnitOfMeasure>
      <bIsWeighted>0</bIsWeighted>
      <QtyInPackage>לא ידוע</QtyInPackage>
      <ItemPrice>17.90</ItemPrice>
      <UnitOfMeasurePrice>0.30</UnitOfMeasurePrice>
      <AllowDiscount>1</AllowDiscount>
      <ItemStatus/>
    </Item>
    <Item>
      <PriceUpdateTime>2025-10-30T11:37:04.000</PriceUpdateTime>
      <ItemCode>7290000193540</ItemCode>
      <LastSaleDateTime>2026-01-29T16:48:28.000</LastSaleDateTime>
      <ItemType>1</ItemType>
      <ItemName>מגן תחתון ארוך נטורל</ItemName>
      <ManufactureName>לילי</ManufactureName>
      <ManufactureCountry>לא ידוע</ManufactureCountry>
      <ManufactureItemDescription>מגן תחתון ארוך נטורל</ManufactureItemDescription>
      <UnitQty>לא ידוע</UnitQty>
      <Quantity>52.00</Quantity>
      <UnitOfMeasure>יח'</UnitOfMeasure>
      <bIsWeighted>0</bIsWeighted>
      <QtyInPackage>לא ידוע</QtyInPackage>
      <ItemPrice>14.90</ItemPrice>
      <UnitOfMeasurePrice>0.29</UnitOfMeasurePrice>
      <AllowDiscount>1</AllowDiscount>
      <ItemStatus/>
    </Item>
    <Item>
      <PriceUpdateTime>2025-10-30T11:37:04.000</PriceUpdateTime>
      <ItemCode>7290000197753</ItemCode>
      <LastSaleDateTime>2026-01-29T15:02:34.000</LastSaleDateTime>
      <ItemType>1</ItemType>
      <ItemName>ניילון נצמד ניקול 2*</ItemName>
      <ManufactureName>ניקול</ManufactureName>
      <ManufactureCountry>לא ידוע</ManufactureCountry>
      <ManufactureItemDescription>ניילון נצמד ניקול 2*</ManufactureItemDescription>
      <UnitQty>לא ידוע</UnitQty>
      <Quantity>30.00</Quantity>
      <UnitOfMeasure>יח'</UnitOfMeasure>
      <bIsWeighted>0</bIsWeighted>
      <QtyInPackage>לא ידוע</QtyInPackage>
      <ItemPrice>9.90</ItemPrice>
      <UnitOfMeasurePrice>0.33</UnitOfMeasurePrice>
      <AllowDiscount>1</AllowDiscount>
      <ItemStatus/>
    </Item>
    <Item>
      <PriceUpdateTime>2025-10-30T11:43:26.000</PriceUpdateTime>
      <ItemCode>7290109581538</ItemCode>
      <LastSaleDateTime>2026-01-28T12:12:50.000</LastSaleDateTime>
      <ItemType>1</ItemType>
      <ItemName>פסטרמה פרגית 120ג דק</ItemName>
      <ManufactureName>לא ידוע</ManufactureName>
      <ManufactureCountry>לא ידוע</ManufactureCountry>
      <ManufactureItemDescription>פסטרמה פרגית 120ג דק</ManufactureItemDescription>
      <UnitQty>גרם</UnitQty>
      <Quantity>120.00</Quantity>
      <UnitOfMeasure>100 גרם</UnitOfMeasure>
      <bIsWeighted>0</bIsWeighted>
      <QtyInPackage>לא ידוע</QtyInPackage>
      <ItemPrice>13.90</ItemPrice>
      <UnitOfMeasurePrice>11.58</UnitOfMeasurePrice>
      <AllowDiscount>1</AllowDiscount>
      <ItemStatus/>
    </Item>
    <Item>
      <PriceUpdateTime>2025-10-30T11:43:27.000</PriceUpdateTime>
      <ItemCode>7290121042741</ItemCode>
      <LastSaleDateTime>2026-01-28T16:08:31.000</LastSaleDateTime>
      <ItemType>1</ItemType>
      <ItemName>מפזר חום עומד/שוכב -</ItemName>
      <ManufactureName>לא ידוע</ManufactureName>
      <ManufactureCountry>לא ידוע</ManufactureCountry>
      <ManufactureItemDescription>מפזר חום עומד/שוכב -</ManufactureItemDescription>
      <UnitQty>יחידות</UnitQty>
      <Quantity>0.00</Quantity>
      <UnitOfMeasure>יחידה   </UnitOfMeasure>
      <bIsWeighted>0</bIsWeighted>
      <QtyInPackage>לא ידוע</QtyInPackage>
      <ItemPrice>59.90</ItemPrice>
      <UnitOfMeasurePrice>0.00</UnitOfMeasurePrice>
      <AllowDiscount>1</AllowDiscount>
      <ItemStatus/>
    </Item>
    <Item>
      <PriceUpdateTime>2025-10-30T11:43:27.000</PriceUpdateTime>
      <ItemCode>7290121049740</ItemCode>
      <LastSaleDateTime>2026-01-28T17:13:07.000</LastSaleDateTime>
      <ItemType>1</ItemType>
      <ItemName>מארז 3 צנצנות זכוכית</ItemName>
      <ManufactureName>לא ידוע</ManufactureName>
      <ManufactureCountry>לא ידוע</ManufactureCountry>
      <ManufactureItemDescription>מארז 3 צנצנות זכוכית</ManufactureItemDescription>
      <UnitQty>יחידות</UnitQty>
      <Quantity>0.00</Quantity>
      <UnitOfMeasure>יחידה   </UnitOfMeasure>
      <bIsWeighted>0</bIsWeighted>
      <QtyInPackage>לא ידוע</QtyInPackage>
      <ItemPrice>29.90</ItemPrice>
      <UnitOfMeasurePrice>0.00</UnitOfMeasurePrice>
      <AllowDiscount>1</AllowDiscount>
      <ItemStatus/>
    </Item>
    <Item>
      <PriceUpdateTime>2025-11-02T10:27:00.000</PriceUpdateTime>
      <ItemCode>8850006491607</ItemCode>
      <LastSaleDateTime>2026-01-29T20:25:33.000</LastSaleDateTime>
      <ItemType>1</ItemType>
      <ItemName>פלמוליב סבון מוצק קמ</ItemName>
      <ManufactureName>לא ידוע</ManufactureName>
      <ManufactureCountry>לא ידוע</ManufactureCountry>
      <ManufactureItemDescription>פלמוליב סבון מוצק קמ</ManufactureItemDescription>
      <UnitQty>לא ידוע</UnitQty>
      <Quantity>1.00</Quantity>
      <UnitOfMeasure>יח'</UnitOfMeasure>
      <bIsWeighted>0</bIsWeighted>
      <QtyInPackage>לא ידוע</QtyInPackage>
      <ItemPrice>16.90</ItemPrice>
      <UnitOfMeasurePrice>16.90</UnitOfMeasurePrice>
      <AllowDiscount>1</AllowDiscount>
      <ItemStatus/>
    </Item>
    <Item>
      <PriceUpdateTime>2025-11-02T10:27:09.000</PriceUpdateTime>
      <ItemCode>7290013144157</ItemCode>
      <LastSaleDateTime>2026-01-22T17:15:37.000</LastSaleDateTime>
      <ItemType>1</ItemType>
      <ItemName>סחלב 130 גרם מיימונס</ItemName>
      <ManufactureName>מימונס</ManufactureName>
      <ManufactureCountry>ישראל</ManufactureCountry>
      <ManufactureItemDescription>סחלב 130 גרם</ManufactureItemDescription>
      <UnitQty>גרם</UnitQty>
      <Quantity>130.00</Quantity>
      <UnitOfMeasure>100 גרם</UnitOfMeasure>
      <bIsWeighted>0</bIsWeighted>
      <QtyInPackage>לא ידוע</QtyInPackage>
      <ItemPrice>7.90</ItemPrice>
      <UnitOfMeasurePrice>6.08</UnitOfMeasurePrice>
      <AllowDiscount>1</AllowDiscount>
      <ItemStatus/>
    </Item>
    <Item>
      <PriceUpdateTime>2025-11-03T11:52:37.000</PriceUpdateTime>
      <ItemCode>51500255162</ItemCode>
      <LastSaleDateTime>2026-01-29T11:08:44.000</LastSaleDateTime>
      <ItemType>1</ItemType>
      <ItemName>JIF חמאת בוטנים חלקה</ItemName>
      <ManufactureName>לא ידוע</ManufactureName>
      <ManufactureCountry>לא ידוע</ManufactureCountry>
      <ManufactureItemDescription>JIF חמאת בוטנים חלקה</ManufactureItemDescription>
      <UnitQty>גרם</UnitQty>
      <Quantity>454.00</Quantity>
      <UnitOfMeasure>100 גרם</UnitOfMeasure>
      <bIsWeighted>0</bIsWeighted>
      <QtyInPackage>לא ידוע</QtyInPackage>
      <ItemPrice>19.90</ItemPrice>
      <UnitOfMeasurePrice>4.38</UnitOfMeasurePrice>
      <AllowDiscount>1</AllowDiscount>
      <ItemStatus/>
    </Item>
    <Item>
      <PriceUpdateTime>2025-11-03T11:52:38.000</PriceUpdateTime>
      <ItemCode>7290002871248</ItemCode>
      <LastSaleDateTime>2025-08-31T00:00:00.000</LastSaleDateTime>
      <ItemType>1</ItemType>
      <ItemName>בירה טובורג רד 500 מ</ItemName>
      <ManufactureName>טובורג</ManufactureName>
      <ManufactureCountry>לא ידוע</ManufactureCountry>
      <ManufactureItemDescription>בירה טובורג רד 500 מ</ManufactureItemDescription>
      <UnitQty>לא ידוע</UnitQty>
      <Quantity>500.00</Quantity>
      <UnitOfMeasure>100 מ"ל</UnitOfMeasure>
      <bIsWeighted>0</bIsWeighted>
      <QtyInPackage>לא ידוע</QtyInPackage>
      <ItemPrice>7.80</ItemPrice>
      <UnitOfMeasurePrice>0.02</UnitOfMeasurePrice>
      <AllowDiscount>1</AllowDiscount>
      <ItemStatus>2</ItemStatus>
    </Item>
    <Item>
      <PriceUpdateTime>2025-11-03T11:52:38.000</PriceUpdateTime>
      <ItemCode>7290002871248</ItemCode>
      <LastSaleDateTime>2025-08-31T00:00:00.000</LastSaleDateTime>
      <ItemType>1</ItemType>
      <ItemName>בירה טובורג רד 500 מ</ItemName>
      <ManufactureName>טובורג</ManufactureName>
      <ManufactureCountry>לא ידוע</ManufactureCountry>
      <ManufactureItemDescription>בירה טובורג רד 500 מ</ManufactureItemDescription>
      <UnitQty>לא ידוע</UnitQty>
      <Quantity>500.00</Quantity>
      <UnitOfMeasure>100 מ"ל</UnitOfMeasure>
      <bIsWeighted>0</bIsWeighted>
      <QtyInPackage>לא ידוע</QtyInPackage>
      <ItemPrice>7.80</ItemPrice>
      <UnitOfMeasurePrice>0.02</UnitOfMeasurePrice>
      <AllowDiscount>1</AllowDiscount>
      <ItemStatus/>
    </Item>
    <Item>
      <PriceUpdateTime>2025-11-03T11:52:38.000</PriceUpdateTime>
      <ItemCode>7290000345215</ItemCode>
      <LastSaleDateTime>2026-01-22T11:34:28.000</LastSaleDateTime>
      <ItemType>1</ItemType>
      <ItemName>תה מעודן ויסוצקי 100</ItemName>
      <ManufactureName>ויסוצקי</ManufactureName>
      <ManufactureCountry>לא ידוע</ManufactureCountry>
      <ManufactureItemDescription>תה מעודן ויסוצקי 100</ManufactureItemDescription>
      <UnitQty>גרם</UnitQty>
      <Quantity>100.00</Quantity>
      <UnitOfMeasure>100 גרם</UnitOfMeasure>
      <bIsWeighted>0</bIsWeighted>
      <QtyInPackage>לא ידוע</QtyInPackage>
      <ItemPrice>14.90</ItemPrice>
      <UnitOfMeasurePrice>14.90</UnitOfMeasurePrice>
      <AllowDiscount>1</AllowDiscount>
      <ItemStatus/>
    </Item>
    <Item>
      <PriceUpdateTime>2025-11-03T11:52:38.000</PriceUpdateTime>
      <ItemCode>7290001975015</ItemCode>
      <LastSaleDateTime>2025-08-28T00:00:00.000</LastSaleDateTime>
      <ItemType>1</ItemType>
      <ItemName>בירה טובורג גרין 500</ItemName>
      <ManufactureName>לא ידוע</ManufactureName>
      <ManufactureCountry>לא ידוע</ManufactureCountry>
      <ManufactureItemDescription>בירה טובורג גרין 500</ManufactureItemDescription>
      <UnitQty>לא ידוע</UnitQty>
      <Quantity>500.00</Quantity>
      <UnitOfMeasure>100 מ"ל</UnitOfMeasure>
      <bIsWeighted>0</bIsWeighted>
      <QtyInPackage>לא ידוע</QtyInPackage>
      <ItemPrice>7.80</ItemPrice>
      <UnitOfMeasurePrice>0.02</UnitOfMeasurePrice>
      <AllowDiscount>1</AllowDiscount>
      <ItemStatus>2</ItemStatus>
    </Item>
    <Item>
      <PriceUpdateTime>2025-11-03T11:52:38.000</PriceUpdateTime>
      <ItemCode>7290001975015</ItemCode>
      <LastSaleDateTime>2025-08-28T00:00:00.000</LastSaleDateTime>
      <ItemType>1</ItemType>
      <ItemName>בירה טובורג גרין 500</ItemName>
      <ManufactureName>לא ידוע</ManufactureName>
      <ManufactureCountry>לא ידוע</ManufactureCountry>
      <ManufactureItemDescription>בירה טובורג גרין 500</ManufactureItemDescription>
      <UnitQty>לא ידוע</UnitQty>
      <Quantity>500.00</Quantity>
      <UnitOfMeasure>100 מ"ל</UnitOfMeasure>
      <bIsWeighted>0</bIsWeighted>
      <QtyInPackage>לא ידוע</QtyInPackage>
      <ItemPrice>7.80</ItemPrice>
      <UnitOfMeasurePrice>0.02</UnitOfMeasurePrice>
      <AllowDiscount>1</AllowDiscount>
      <ItemStatus/>
    </Item>
    <Item>
      <PriceUpdateTime>2025-11-03T11:52:40.000</PriceUpdateTime>
      <ItemCode>7804643270003</ItemCode>
      <LastSaleDateTime>2026-01-29T21:22:12.000</LastSaleDateTime>
      <ItemType>1</ItemType>
      <ItemName>אוכמניות 125 גרם</ItemName>
      <ManufactureName>לא ידוע</ManufactureName>
      <ManufactureCountry>לא ידוע</ManufactureCountry>
      <ManufactureItemDescription>אוכמניות 125 גרם</ManufactureItemDescription>
      <UnitQty>גרם</UnitQty>
      <Quantity>125.00</Quantity>
      <UnitOfMeasure>100 גרם</UnitOfMeasure>
      <bIsWeighted>0</bIsWeighted>
      <QtyInPackage>לא ידוע</QtyInPackage>
      <ItemPrice>12.90</ItemPrice>
      <UnitOfMeasurePrice>10.32</UnitOfMeasurePrice>
      <AllowDiscount>1</AllowDiscount>
      <ItemStatus/>
    </Item>
    <Item>
      <PriceUpdateTime>2025-11-04T11:43:25.000</PriceUpdateTime>
      <ItemCode>7290111357367</ItemCode>
      <LastSaleDateTime>2026-01-29T18:30:43.000</LastSaleDateTime>
      <ItemType>1</ItemType>
      <ItemName>יוגטה שטיחיםממולאות</ItemName>
      <ManufactureName>לא ידוע</ManufactureName>
      <ManufactureCountry>לא ידוע</ManufactureCountry>
      <ManufactureItemDescription>יוגטה שטיחיםממולאות</ManufactureItemDescription>
      <UnitQty>גרם</UnitQty>
      <Quantity>220.00</Quantity>
      <UnitOfMeasure>100 גרם</UnitOfMeasure>
      <bIsWeighted>0</bIsWeighted>
      <QtyInPackage>לא ידוע</QtyInPackage>
      <ItemPrice>8.50</ItemPrice>
      <UnitOfMeasurePrice>3.86</UnitOfMeasurePrice>
      <AllowDiscount>1</AllowDiscount>
      <ItemStatus/>
    </Item>
    <Item>
      <PriceUpdateTime>2025-11-04T11:43:25.000</PriceUpdateTime>
      <ItemCode>7290108622096</ItemCode>
      <LastSaleDateTime>2015-01-01T00:00:00.000</LastSaleDateTime>
      <ItemType>1</ItemType>
      <ItemName>יין פיזארו מוסקטו לב</ItemName>
      <ManufactureName>לא ידוע</ManufactureName>
      <ManufactureCountry>לא ידוע</ManufactureCountry>
      <ManufactureItemDescription>יין פיזארו מוסקטו לב</ManufactureItemDescription>
      <UnitQty>לא ידוע</UnitQty>
      <Quantity>750.00</Quantity>
      <UnitOfMeasure>100 מ"ל</UnitOfMeasure>
      <bIsWeighted>0</bIsWeighted>
      <QtyInPackage>לא ידוע</QtyInPackage>
      <ItemPrice>34.90</ItemPrice>
      <UnitOfMeasurePrice>0.05</UnitOfMeasurePrice>
      <AllowDiscount>1</AllowDiscount>
      <ItemStatus>2</ItemStatus>
    </Item>
    <Item>
      <PriceUpdateTime>2025-11-04T11:43:25.000</PriceUpdateTime>
      <ItemCode>7290108622096</ItemCode>
      <LastSaleDateTime>2015-01-01T00:00:00.000</LastSaleDateTime>
      <ItemType>1</ItemType>
      <ItemName>יין פיזארו מוסקטו לב</ItemName>
      <ManufactureName>לא ידוע</ManufactureName>
      <ManufactureCountry>לא ידוע</ManufactureCountry>
      <ManufactureItemDescription>יין פיזארו מוסקטו לב</ManufactureItemDescription>
      <UnitQty>לא ידוע</UnitQty>
      <Quantity>750.00</Quantity>
      <UnitOfMeasure>100 מ"ל</UnitOfMeasure>
      <bIsWeighted>0</bIsWeighted>
      <QtyInPackage>לא ידוע</QtyInPackage>
      <ItemPrice>34.90</ItemPrice>
      <UnitOfMeasurePrice>0.05</UnitOfMeasurePrice>
      <AllowDiscount>1</AllowDiscount>
      <ItemStatus/>
    </Item>
    <Item>
      <PriceUpdateTime>2025-11-04T11:43:25.000</PriceUpdateTime>
      <ItemCode>7290119382842</ItemCode>
      <LastSaleDateTime>2026-01-28T22:17:09.000</LastSaleDateTime>
      <ItemType>1</ItemType>
      <ItemName>סו מאצ' שוקולד חלב ק</ItemName>
      <ManufactureName>לא ידוע</ManufactureName>
      <ManufactureCountry>לא ידוע</ManufactureCountry>
      <ManufactureItemDescription>סו מאצ' שוקולד חלב ק</ManufactureItemDescription>
      <UnitQty>גרם</UnitQty>
      <Quantity>150.00</Quantity>
      <UnitOfMeasure>100 גרם</UnitOfMeasure>
      <bIsWeighted>0</bIsWeighted>
      <QtyInPackage>לא ידוע</QtyInPackage>
      <ItemPrice>13.90</ItemPrice>
      <UnitOfMeasurePrice>9.27</UnitOfMeasurePrice>
      <AllowDiscount>1</AllowDiscount>
      <ItemStatus/>
    </Item>
    <Item>
      <PriceUpdateTime>2025-11-04T11:44:05.000</PriceUpdateTime>
      <ItemCode>7290000000118</ItemCode>
      <LastSaleDateTime>2026-01-28T09:38:46.000</LastSaleDateTime>
      <ItemType>1</ItemType>
      <ItemName>מנגו</ItemName>
      <ManufactureName>ביכורי השקמה</ManufactureName>
      <ManufactureCountry>לא ידוע</ManufactureCountry>
      <ManufactureItemDescription>מנגו</ManufactureItemDescription>
      <UnitQty>קילוגרם</UnitQty>
      <Quantity>1.00</Quantity>
      <UnitOfMeasure>ק"ג     </UnitOfMeasure>
      <bIsWeighted>1</bIsWeighted>
      <QtyInPackage>לא ידוע</QtyInPackage>
      <ItemPrice>7.90</ItemPrice>
      <UnitOfMeasurePrice>7.90</UnitOfMeasurePrice>
      <AllowDiscount>1</AllowDiscount>
      <ItemStatus/>
    </Item>
    <Item>
      <PriceUpdateTime>2025-11-06T10:07:44.000</PriceUpdateTime>
      <ItemCode>7291044062335</ItemCode>
      <LastSaleDateTime>2026-01-28T12:22:50.000</LastSaleDateTime>
      <ItemType>1</ItemType>
      <ItemName>תנור קוורץ יונדאי 80</ItemName>
      <ManufactureName>לא ידוע</ManufactureName>
      <ManufactureCountry>לא ידוע</ManufactureCountry>
      <ManufactureItemDescription>תנור קוורץ יונדאי 80</ManufactureItemDescription>
      <UnitQty>לא ידוע</UnitQty>
      <Quantity>1.00</Quantity>
      <UnitOfMeasure>יח'</UnitOfMeasure>
      <bIsWeighted>0</bIsWeighted>
      <QtyInPackage>לא ידוע</QtyInPackage>
      <ItemPrice>50.00</ItemPrice>
      <UnitOfMeasurePrice>50.00</UnitOfMeasurePrice>
      <AllowDiscount>1</AllowDiscount>
      <ItemStatus/>
    </Item>
    <Item>
      <PriceUpdateTime>2025-11-09T16:34:47.000</PriceUpdateTime>
      <ItemCode>7290108278903</ItemCode>
      <LastSaleDateTime>2026-01-22T18:01:40.000</LastSaleDateTime>
      <ItemType>1</ItemType>
      <ItemName>כפיות 10 יחידות</ItemName>
      <ManufactureName>לא ידוע</ManufactureName>
      <ManufactureCountry>לא ידוע</ManufactureCountry>
      <ManufactureItemDescription>כפיות 10 יחידות</ManufactureItemDescription>
      <UnitQty>לא ידוע</UnitQty>
      <Quantity>1.00</Quantity>
      <UnitOfMeasure>יח'</UnitOfMeasure>
      <bIsWeighted>0</bIsWeighted>
      <QtyInPackage>לא ידוע</QtyInPackage>
      <ItemPrice>3.90</ItemPrice>
      <UnitOfMeasurePrice>3.90</UnitOfMeasurePrice>
      <AllowDiscount>1</AllowDiscount>
      <ItemStatus/>
    </Item>
    <Item>
      <PriceUpdateTime>2025-11-09T16:34:47.000</PriceUpdateTime>
      <ItemCode>7290111356353</ItemCode>
      <LastSaleDateTime>2026-01-29T18:59:44.000</LastSaleDateTime>
      <ItemType>1</ItemType>
      <ItemName>יוגטה מקלות ממולאות</ItemName>
      <ManufactureName>לא ידוע</ManufactureName>
      <ManufactureCountry>לא ידוע</ManufactureCountry>
      <ManufactureItemDescription>יוגטה מקלות ממולאות</ManufactureItemDescription>
      <UnitQty>גרם</UnitQty>
      <Quantity>220.00</Quantity>
      <UnitOfMeasure>100 גרם</UnitOfMeasure>
      <bIsWeighted>0</bIsWeighted>
      <QtyInPackage>לא ידוע</QtyInPackage>
      <ItemPrice>8.50</ItemPrice>
      <UnitOfMeasurePrice>3.86</UnitOfMeasurePrice>
      <AllowDiscount>1</AllowDiscount>
      <ItemStatus/>
    </Item>
    <Item>
      <PriceUpdateTime>2025-11-10T10:46:58.000</PriceUpdateTime>
      <ItemCode>7290002057734</ItemCode>
      <LastSaleDateTime>2026-01-29T13:00:22.000</LastSaleDateTime>
      <ItemType>1</ItemType>
      <ItemName>זית חרוזית שחור יבנה</ItemName>
      <ManufactureName>קבוצת יבנה</ManufactureName>
      <ManufactureCountry>לא ידוע</ManufactureCountry>
      <ManufactureItemDescription>זית חרוזית שחור יבנה</ManufactureItemDescription>
      <UnitQty>גרם</UnitQty>
      <Quantity>275.00</Quantity>
      <UnitOfMeasure>100 גרם</UnitOfMeasure>
      <bIsWeighted>0</bIsWeighted>
      <QtyInPackage>לא ידוע</QtyInPackage>
      <ItemPrice>12.90</ItemPrice>
      <UnitOfMeasurePrice>4.69</UnitOfMeasurePrice>
      <AllowDiscount>1</AllowDiscount>
      <ItemStatus/>
    </Item>
    <Item>
      <PriceUpdateTime>2025-11-10T10:47:06.000</PriceUpdateTime>
      <ItemCode>7290016372458</ItemCode>
      <LastSaleDateTime>2026-01-22T16:03:06.000</LastSaleDateTime>
      <ItemType>1</ItemType>
      <ItemName>הגן הקסום לימונית ול</ItemName>
      <ManufactureName>לא ידוע</ManufactureName>
      <ManufactureCountry>לא ידוע</ManufactureCountry>
      <ManufactureItemDescription>הגן הקסום לימונית ול</ManufactureItemDescription>
      <UnitQty>לא ידוע</UnitQty>
      <Quantity>50.00</Quantity>
      <UnitOfMeasure>יח'</UnitOfMeasure>
      <bIsWeighted>0</bIsWeighted>
      <QtyInPackage>לא ידוע</QtyInPackage>
      <ItemPrice>34.80</ItemPrice>
      <UnitOfMeasurePrice>0.70</UnitOfMeasurePrice>
      <AllowDiscount>1</AllowDiscount>
      <ItemStatus/>
    </Item>
    <Item>
      <PriceUpdateTime>2025-11-10T12:44:47.000</PriceUpdateTime>
      <ItemCode>7290102395217</ItemCode>
      <LastSaleDateTime>2026-01-29T18:41:21.000</LastSaleDateTime>
      <ItemType>1</ItemType>
      <ItemName>מאגדת שמיניית מולר מ</ItemName>
      <ManufactureName>מולר</ManufactureName>
      <ManufactureCountry>לא ידוע</ManufactureCountry>
      <ManufactureItemDescription>מאגדת שמיניית מולר מ</ManufactureItemDescription>
      <UnitQty>לא ידוע</UnitQty>
      <Quantity>1.00</Quantity>
      <UnitOfMeasure>יח'</UnitOfMeasure>
      <bIsWeighted>0</bIsWeighted>
      <QtyInPackage>לא ידוע</QtyInPackage>
      <ItemPrice>17.90</ItemPrice>
      <UnitOfMeasurePrice>17.90</UnitOfMeasurePrice>
      <AllowDiscount>1</AllowDiscount>
      <ItemStatus/>
    </Item>
    <Item>
      <PriceUpdateTime>2025-11-10T12:44:47.000</PriceUpdateTime>
      <ItemCode>7290000045573</ItemCode>
      <LastSaleDateTime>2026-01-22T16:20:17.000</LastSaleDateTime>
      <ItemType>1</ItemType>
      <ItemName>נעמה גבינה מותכת 25%</ItemName>
      <ManufactureName>תנובה</ManufactureName>
      <ManufactureCountry>לא ידוע</ManufactureCountry>
      <ManufactureItemDescription>נעמה גבינה מותכת 25%</ManufactureItemDescription>
      <UnitQty>גרם</UnitQty>
      <Quantity>200.00</Quantity>
      <UnitOfMeasure>100 גרם</UnitOfMeasure>
      <bIsWeighted>0</bIsWeighted>
      <QtyInPackage>לא ידוע</QtyInPackage>
      <ItemPrice>16.30</ItemPrice>
      <UnitOfMeasurePrice>8.15</UnitOfMeasurePrice>
      <AllowDiscount>1</AllowDiscount>
      <ItemStatus/>
    </Item>
    <Item>
      <PriceUpdateTime>2025-11-10T12:44:47.000</PriceUpdateTime>
      <ItemCode>7290110561352</ItemCode>
      <LastSaleDateTime>2026-01-29T13:46:46.000</LastSaleDateTime>
      <ItemType>1</ItemType>
      <ItemName>דנונה ביו דל לקטוז 2</ItemName>
      <ManufactureName>לא ידוע</ManufactureName>
      <ManufactureCountry>לא ידוע</ManufactureCountry>
      <ManufactureItemDescription>דנונה ביו דל לקטוז 2</ManufactureItemDescription>
      <UnitQty>לא ידוע</UnitQty>
      <Quantity>200.00</Quantity>
      <UnitOfMeasure>100 מ"ל</UnitOfMeasure>
      <bIsWeighted>0</bIsWeighted>
      <QtyInPackage>לא ידוע</QtyInPackage>
      <ItemPrice>3.80</ItemPrice>
      <UnitOfMeasurePrice>0.02</UnitOfMeasurePrice>
      <AllowDiscount>1</AllowDiscount>
      <ItemStatus/>
    </Item>
    <Item>
      <PriceUpdateTime>2025-11-12T08:38:30.000</PriceUpdateTime>
      <ItemCode>5060639128051</ItemCode>
      <LastSaleDateTime>2026-01-29T18:01:32.000</LastSaleDateTime>
      <ItemType>1</ItemType>
      <ItemName>משקה אנרגיה זירו בטע</ItemName>
      <ManufactureName>לא ידוע</ManufactureName>
      <ManufactureCountry>לא ידוע</ManufactureCountry>
      <ManufactureItemDescription>משקה אנרגיה זירו בטע</ManufactureItemDescription>
      <UnitQty>לא ידוע</UnitQty>
      <Quantity>500.00</Quantity>
      <UnitOfMeasure>100 מ"ל</UnitOfMeasure>
      <bIsWeighted>0</bIsWeighted>
      <QtyInPackage>לא ידוע</QtyInPackage>
      <ItemPrice>7.90</ItemPrice>
      <UnitOfMeasurePrice>0.02</UnitOfMeasurePrice>
      <AllowDiscount>1</AllowDiscount>
      <ItemStatus/>
    </Item>
    <Item>
      <PriceUpdateTime>2025-11-12T08:38:30.000</PriceUpdateTime>
      <ItemCode>5060639129102</ItemCode>
      <LastSaleDateTime>2026-01-29T21:51:33.000</LastSaleDateTime>
      <ItemType>1</ItemType>
      <ItemName>משקה אנרגיה בטעם מנג</ItemName>
      <ManufactureName>לא ידוע</ManufactureName>
      <ManufactureCountry>לא ידוע</ManufactureCountry>
      <ManufactureItemDescription>משקה אנרגיה בטעם מנג</ManufactureItemDescription>
      <UnitQty>לא ידוע</UnitQty>
      <Quantity>500.00</Quantity>
      <UnitOfMeasure>100 מ"ל</UnitOfMeasure>
      <bIsWeighted>0</bIsWeighted>
      <QtyInPackage>לא ידוע</QtyInPackage>
      <ItemPrice>7.90</ItemPrice>
      <UnitOfMeasurePrice>0.02</UnitOfMeasurePrice>
      <AllowDiscount>1</AllowDiscount>
      <ItemStatus/>
    </Item>
    <Item>
      <PriceUpdateTime>2025-11-12T08:38:31.000</PriceUpdateTime>
      <ItemCode>7290001594865</ItemCode>
      <LastSaleDateTime>2026-01-29T21:50:15.000</LastSaleDateTime>
      <ItemType>1</ItemType>
      <ItemName>בירה קרלסברג 6*330 מ</ItemName>
      <ManufactureName>קוקה קולה</ManufactureName>
      <ManufactureCountry>לא ידוע</ManufactureCountry>
      <ManufactureItemDescription>בירה קרלסברג 6*330 מ</ManufactureItemDescription>
      <UnitQty>ליטר</UnitQty>
      <Quantity>1.98</Quantity>
      <UnitOfMeasure>ליטר    </UnitOfMeasure>
      <bIsWeighted>0</bIsWeighted>
      <QtyInPackage>לא ידוע</QtyInPackage>
      <ItemPrice>35.80</ItemPrice>
      <UnitOfMeasurePrice>18.08</UnitOfMeasurePrice>
      <AllowDiscount>1</AllowDiscount>
      <ItemStatus/>
    </Item>
    <Item>
      <PriceUpdateTime>2025-11-12T08:38:31.000</PriceUpdateTime>
      <ItemCode>7290110110369</ItemCode>
      <LastSaleDateTime>2026-01-29T21:03:42.000</LastSaleDateTime>
      <ItemType>1</ItemType>
      <ItemName>בירה קרלסברג לומה שי</ItemName>
      <ManufactureName>לא ידוע</ManufactureName>
      <ManufactureCountry>לא ידוע</ManufactureCountry>
      <ManufactureItemDescription>בירה קרלסברג לומה שי</ManufactureItemDescription>
      <UnitQty>לא ידוע</UnitQty>
      <Quantity>1.00</Quantity>
      <UnitOfMeasure>יח'</UnitOfMeasure>
      <bIsWeighted>0</bIsWeighted>
      <QtyInPackage>לא ידוע</QtyInPackage>
      <ItemPrice>37.80</ItemPrice>
      <UnitOfMeasurePrice>37.80</UnitOfMeasurePrice>
      <AllowDiscount>1</AllowDiscount>
      <ItemStatus/>
    </Item>
    <Item>
      <PriceUpdateTime>2025-11-13T09:23:01.000</PriceUpdateTime>
      <ItemCode>7290008464345</ItemCode>
      <LastSaleDateTime>2026-01-29T21:03:42.000</LastSaleDateTime>
      <ItemType>1</ItemType>
      <ItemName>בירה גולדסטאר בק 330</ItemName>
      <ManufactureName>טמפו</ManufactureName>
      <ManufactureCountry>לא ידוע</ManufactureCountry>
      <ManufactureItemDescription>בירה גולדסטאר בק 330</ManufactureItemDescription>
      <UnitQty>לא ידוע</UnitQty>
      <Quantity>330.00</Quantity>
      <UnitOfMeasure>100 מ"ל</UnitOfMeasure>
      <bIsWeighted>0</bIsWeighted>
      <QtyInPackage>לא ידוע</QtyInPackage>
      <ItemPrice>6.90</ItemPrice>
      <UnitOfMeasurePrice>0.02</UnitOfMeasurePrice>
      <AllowDiscount>1</AllowDiscount>
      <ItemStatus/>
    </Item>
    <Item>
      <PriceUpdateTime>2025-11-13T09:23:02.000</PriceUpdateTime>
      <ItemCode>7290019233268</ItemCode>
      <LastSaleDateTime>2026-01-22T20:42:24.000</LastSaleDateTime>
      <ItemType>1</ItemType>
      <ItemName>ממרח עגבניות מיובשות</ItemName>
      <ManufactureName>לא ידוע</ManufactureName>
      <ManufactureCountry>לא ידוע</ManufactureCountry>
      <ManufactureItemDescription>ממרח עגבניות מיובשות</ManufactureItemDescription>
      <UnitQty>גרם</UnitQty>
      <Quantity>180.00</Quantity>
      <UnitOfMeasure>100 גרם</UnitOfMeasure>
      <bIsWeighted>0</bIsWeighted>
      <QtyInPackage>לא ידוע</QtyInPackage>
      <ItemPrice>16.90</ItemPrice>
      <UnitOfMeasurePrice>9.39</UnitOfMeasurePrice>
      <AllowDiscount>1</AllowDiscount>
      <ItemStatus/>
    </Item>
    <Item>
      <PriceUpdateTime>2025-11-13T09:23:02.000</PriceUpdateTime>
      <ItemCode>7290019233336</ItemCode>
      <LastSaleDateTime>2026-01-22T08:30:23.000</LastSaleDateTime>
      <ItemType>1</ItemType>
      <ItemName>ממרח פלפלים קלויים 1</ItemName>
      <ManufactureName>לא ידוע</ManufactureName>
      <ManufactureCountry>לא ידוע</ManufactureCountry>
      <ManufactureItemDescription>ממרח פלפלים קלויים 1</ManufactureItemDescription>
      <UnitQty>גרם</UnitQty>
      <Quantity>180.00</Quantity>
      <UnitOfMeasure>100 גרם</UnitOfMeasure>
      <bIsWeighted>0</bIsWeighted>
      <QtyInPackage>לא ידוע</QtyInPackage>
      <ItemPrice>16.90</ItemPrice>
      <UnitOfMeasurePrice>9.39</UnitOfMeasurePrice>
      <AllowDiscount>1</AllowDiscount>
      <ItemStatus/>
    </Item>
    <Item>
      <PriceUpdateTime>2025-11-13T09:23:02.000</PriceUpdateTime>
      <ItemCode>7290019233343</ItemCode>
      <LastSaleDateTime>2026-01-22T20:42:24.000</LastSaleDateTime>
      <ItemType>1</ItemType>
      <ItemName>טפנד זיתים ירוקים 18</ItemName>
      <ManufactureName>לא ידוע</ManufactureName>
      <ManufactureCountry>לא ידוע</ManufactureCountry>
      <ManufactureItemDescription>טפנד זיתים ירוקים 18</ManufactureItemDescription>
      <UnitQty>גרם</UnitQty>
      <Quantity>180.00</Quantity>
      <UnitOfMeasure>100 גרם</UnitOfMeasure>
      <bIsWeighted>0</bIsWeighted>
      <QtyInPackage>לא ידוע</QtyInPackage>
      <ItemPrice>16.90</ItemPrice>
      <UnitOfMeasurePrice>9.39</UnitOfMeasurePrice>
      <AllowDiscount>1</AllowDiscount>
      <ItemStatus/>
    </Item>
    <Item>
      <PriceUpdateTime>2025-11-13T09:23:02.000</PriceUpdateTime>
      <ItemCode>7290019865858</ItemCode>
      <LastSaleDateTime>2026-01-22T19:59:39.000</LastSaleDateTime>
      <ItemType>1</ItemType>
      <ItemName>חליטת פירות אדומים ת</ItemName>
      <ManufactureName>לא ידוע</ManufactureName>
      <ManufactureCountry>לא ידוע</ManufactureCountry>
      <ManufactureItemDescription>חליטת פירות אדומים ת</ManufactureItemDescription>
      <UnitQty>גרם</UnitQty>
      <Quantity>106.00</Quantity>
      <UnitOfMeasure>100 גרם</UnitOfMeasure>
      <bIsWeighted>0</bIsWeighted>
      <QtyInPackage>לא ידוע</QtyInPackage>
      <ItemPrice>19.90</ItemPrice>
      <UnitOfMeasurePrice>18.77</UnitOfMeasurePrice>
      <AllowDiscount>1</AllowDiscount>
      <ItemStatus/>
    </Item>
    <Item>
      <PriceUpdateTime>2025-11-13T09:23:03.000</PriceUpdateTime>
      <ItemCode>7290119776443</ItemCode>
      <LastSaleDateTime>2015-01-01T00:00:00.000</LastSaleDateTime>
      <ItemType>1</ItemType>
      <ItemName>ספרינג אלכוהול אגס ת</ItemName>
      <ManufactureName>לא ידוע</ManufactureName>
      <ManufactureCountry>לא ידוע</ManufactureCountry>
      <ManufactureItemDescription>ספרינג אלכוהול אגס ת</ManufactureItemDescription>
      <UnitQty>מטרים</UnitQty>
      <Quantity>330.00</Quantity>
      <UnitOfMeasure>100 מ'ל</UnitOfMeasure>
      <bIsWeighted>0</bIsWeighted>
      <QtyInPackage>לא ידוע</QtyInPackage>
      <ItemPrice>12.50</ItemPrice>
      <UnitOfMeasurePrice>0.04</UnitOfMeasurePrice>
      <AllowDiscount>1</AllowDiscount>
      <ItemStatus>2</ItemStatus>
    </Item>
    <Item>
      <PriceUpdateTime>2025-11-13T09:23:03.000</PriceUpdateTime>
      <ItemCode>7290119776443</ItemCode>
      <LastSaleDateTime>2015-01-01T00:00:00.000</LastSaleDateTime>
      <ItemType>1</ItemType>
      <ItemName>ספרינג אלכוהול אגס ת</ItemName>
      <ManufactureName>לא ידוע</ManufactureName>
      <ManufactureCountry>לא ידוע</ManufactureCountry>
      <ManufactureItemDescription>ספרינג אלכוהול אגס ת</ManufactureItemDescription>
      <UnitQty>מטרים</UnitQty>
      <Quantity>330.00</Quantity>
      <UnitOfMeasure>100 מ'ל</UnitOfMeasure>
      <bIsWeighted>0</bIsWeighted>
      <QtyInPackage>לא ידוע</QtyInPackage>
      <ItemPrice>12.50</ItemPrice>
      <UnitOfMeasurePrice>0.04</UnitOfMeasurePrice>
      <AllowDiscount>1</AllowDiscount>
      <ItemStatus/>
    </Item>
    <Item>
      <PriceUpdateTime>2025-11-13T09:23:03.000</PriceUpdateTime>
      <ItemCode>7290119776498</ItemCode>
      <LastSaleDateTime>2015-01-01T00:00:00.000</LastSaleDateTime>
      <ItemType>1</ItemType>
      <ItemName>ספרינג אלכוהול פירות</ItemName>
      <ManufactureName>לא ידוע</ManufactureName>
      <ManufactureCountry>לא ידוע</ManufactureCountry>
      <ManufactureItemDescription>ספרינג אלכוהול פירות</ManufactureItemDescription>
      <UnitQty>מטרים</UnitQty>
      <Quantity>330.00</Quantity>
      <UnitOfMeasure>100 מ'ל</UnitOfMeasure>
      <bIsWeighted>0</bIsWeighted>
      <QtyInPackage>לא ידוע</QtyInPackage>
      <ItemPrice>12.50</ItemPrice>
      <UnitOfMeasurePrice>0.04</UnitOfMeasurePrice>
      <AllowDiscount>1</AllowDiscount>
      <ItemStatus>2</ItemStatus>
    </Item>
    <Item>
      <PriceUpdateTime>2025-11-13T09:23:03.000</PriceUpdateTime>
      <ItemCode>7290119776498</ItemCode>
      <LastSaleDateTime>2015-01-01T00:00:00.000</LastSaleDateTime>
      <ItemType>1</ItemType>
      <ItemName>ספרינג אלכוהול פירות</ItemName>
      <ManufactureName>לא ידוע</ManufactureName>
      <ManufactureCountry>לא ידוע</ManufactureCountry>
      <ManufactureItemDescription>ספרינג אלכוהול פירות</ManufactureItemDescription>
      <UnitQty>מטרים</UnitQty>
      <Quantity>330.00</Quantity>
      <UnitOfMeasure>100 מ'ל</UnitOfMeasure>
      <bIsWeighted>0</bIsWeighted>
      <QtyInPackage>לא ידוע</QtyInPackage>
      <ItemPrice>12.50</ItemPrice>
      <UnitOfMeasurePrice>0.04</UnitOfMeasurePrice>
      <AllowDiscount>1</AllowDiscount>
      <ItemStatus/>
    </Item>
    <Item>
      <PriceUpdateTime>2025-11-13T14:10:05.000</PriceUpdateTime>
      <ItemCode>7290008464734</ItemCode>
      <LastSaleDateTime>2026-01-22T18:08:50.000</LastSaleDateTime>
      <ItemType>1</ItemType>
      <ItemName>בירה גולדסטאר SLOWBR</ItemName>
      <ManufactureName>לא ידוע</ManufactureName>
      <ManufactureCountry>לא ידוע</ManufactureCountry>
      <ManufactureItemDescription>בירה גולדסטאר SLOWBR</ManufactureItemDescription>
      <UnitQty>לא ידוע</UnitQty>
      <Quantity>330.00</Quantity>
      <UnitOfMeasure>100 מ"ל</UnitOfMeasure>
      <bIsWeighted>0</bIsWeighted>
      <QtyInPackage>לא ידוע</QtyInPackage>
      <ItemPrice>36.90</ItemPrice>
      <UnitOfMeasurePrice>0.11</UnitOfMeasurePrice>
      <AllowDiscount>1</AllowDiscount>
      <ItemStatus/>
    </Item>
    <Item>
      <PriceUpdateTime>2025-11-13T14:36:35.000</PriceUpdateTime>
      <ItemCode>7290008464338</ItemCode>
      <LastSaleDateTime>2025-10-03T00:00:00.000</LastSaleDateTime>
      <ItemType>1</ItemType>
      <ItemName>בירה מכבי בודד 330 מ</ItemName>
      <ManufactureName>טמפו</ManufactureName>
      <ManufactureCountry>לא ידוע</ManufactureCountry>
      <ManufactureItemDescription>בירה מכבי בודד 330 מ</ManufactureItemDescription>
      <UnitQty>לא ידוע</UnitQty>
      <Quantity>330.00</Quantity>
      <UnitOfMeasure>100 מ"ל</UnitOfMeasure>
      <bIsWeighted>0</bIsWeighted>
      <QtyInPackage>לא ידוע</QtyInPackage>
      <ItemPrice>6.90</ItemPrice>
      <UnitOfMeasurePrice>0.02</UnitOfMeasurePrice>
      <AllowDiscount>1</AllowDiscount>
      <ItemStatus>2</ItemStatus>
    </Item>
    <Item>
      <PriceUpdateTime>2025-11-13T14:36:35.000</PriceUpdateTime>
      <ItemCode>7290008464338</ItemCode>
      <LastSaleDateTime>2025-10-03T00:00:00.000</LastSaleDateTime>
      <ItemType>1</ItemType>
      <ItemName>בירה מכבי בודד 330 מ</ItemName>
      <ManufactureName>טמפו</ManufactureName>
      <ManufactureCountry>לא ידוע</ManufactureCountry>
      <ManufactureItemDescription>בירה מכבי בודד 330 מ</ManufactureItemDescription>
      <UnitQty>לא ידוע</UnitQty>
      <Quantity>330.00</Quantity>
      <UnitOfMeasure>100 מ"ל</UnitOfMeasure>
      <bIsWeighted>0</bIsWeighted>
      <QtyInPackage>לא ידוע</QtyInPackage>
      <ItemPrice>6.90</ItemPrice>
      <UnitOfMeasurePrice>0.02</UnitOfMeasurePrice>
      <AllowDiscount>1</AllowDiscount>
      <ItemStatus/>
    </Item>
    <Item>
      <PriceUpdateTime>2025-11-13T14:36:36.000</PriceUpdateTime>
      <ItemCode>7290116533674</ItemCode>
      <LastSaleDateTime>2026-01-22T18:10:06.000</LastSaleDateTime>
      <ItemType>1</ItemType>
      <ItemName>דאב ספרי אינבזיבל קר</ItemName>
      <ManufactureName>לא ידוע</ManufactureName>
      <ManufactureCountry>לא ידוע</ManufactureCountry>
      <ManufactureItemDescription>דאב ספרי אינבזיבל קר</ManufactureItemDescription>
      <UnitQty>לא ידוע</UnitQty>
      <Quantity>150.00</Quantity>
      <UnitOfMeasure>100 מ"ל</UnitOfMeasure>
      <bIsWeighted>0</bIsWeighted>
      <QtyInPackage>לא ידוע</QtyInPackage>
      <ItemPrice>17.90</ItemPrice>
      <UnitOfMeasurePrice>0.12</UnitOfMeasurePrice>
      <AllowDiscount>1</AllowDiscount>
      <ItemStatus/>
    </Item>
    <Item>
      <PriceUpdateTime>2025-11-18T09:31:16.000</PriceUpdateTime>
      <ItemCode>90446269</ItemCode>
      <LastSaleDateTime>2026-01-22T18:14:15.000</LastSaleDateTime>
      <ItemType>1</ItemType>
      <ItemName>משקה אנרגיה רד בול א</ItemName>
      <ManufactureName>לא ידוע</ManufactureName>
      <ManufactureCountry>לא ידוע</ManufactureCountry>
      <ManufactureItemDescription>משקה אנרגיה רד בול א</ManufactureItemDescription>
      <UnitQty>לא ידוע</UnitQty>
      <Quantity>250.00</Quantity>
      <UnitOfMeasure>100 מ"ל</UnitOfMeasure>
      <bIsWeighted>0</bIsWeighted>
      <QtyInPackage>לא ידוע</QtyInPackage>
      <ItemPrice>5.90</ItemPrice>
      <UnitOfMeasurePrice>0.02</UnitOfMeasurePrice>
      <AllowDiscount>1</AllowDiscount>
      <ItemStatus/>
    </Item>
    <Item>
      <PriceUpdateTime>2025-11-18T14:57:05.000</PriceUpdateTime>
      <ItemCode>7290002057123</ItemCode>
      <LastSaleDateTime>2026-01-28T20:02:45.000</LastSaleDateTime>
      <ItemType>1</ItemType>
      <ItemName>זית חרוזית ירוק יבנה</ItemName>
      <ManufactureName>קבוצת יבנה</ManufactureName>
      <ManufactureCountry>לא ידוע</ManufactureCountry>
      <ManufactureItemDescription>זית חרוזית ירוק יבנה</ManufactureItemDescription>
      <UnitQty>גרם</UnitQty>
      <Quantity>275.00</Quantity>
      <UnitOfMeasure>100 גרם</UnitOfMeasure>
      <bIsWeighted>0</bIsWeighted>
      <QtyInPackage>לא ידוע</QtyInPackage>
      <ItemPrice>12.90</ItemPrice>
      <UnitOfMeasurePrice>4.69</UnitOfMeasurePrice>
      <AllowDiscount>1</AllowDiscount>
      <ItemStatus/>
    </Item>
    <Item>
      <PriceUpdateTime>2025-11-20T16:09:47.000</PriceUpdateTime>
      <ItemCode>7290120098923</ItemCode>
      <LastSaleDateTime>2026-01-29T18:01:52.000</LastSaleDateTime>
      <ItemType>1</ItemType>
      <ItemName>בקבוק 650 PP מ"ל  VF</ItemName>
      <ManufactureName>לא ידוע</ManufactureName>
      <ManufactureCountry>לא ידוע</ManufactureCountry>
      <ManufactureItemDescription>בקבוק 650 PP מ"ל  VF</ManufactureItemDescription>
      <UnitQty>יחידות</UnitQty>
      <Quantity>0.00</Quantity>
      <UnitOfMeasure>יחידה   </UnitOfMeasure>
      <bIsWeighted>0</bIsWeighted>
      <QtyInPackage>לא ידוע</QtyInPackage>
      <ItemPrice>15.90</ItemPrice>
      <UnitOfMeasurePrice>0.00</UnitOfMeasurePrice>
      <AllowDiscount>1</AllowDiscount>
      <ItemStatus/>
    </Item>
    <Item>
      <PriceUpdateTime>2025-11-20T16:09:57.000</PriceUpdateTime>
      <ItemCode>7290017873749</ItemCode>
      <LastSaleDateTime>2026-01-29T18:03:51.000</LastSaleDateTime>
      <ItemType>1</ItemType>
      <ItemName>סטיביה כמו סוכר 700</ItemName>
      <ManufactureName>לא ידוע</ManufactureName>
      <ManufactureCountry>לא ידוע</ManufactureCountry>
      <ManufactureItemDescription>סטיביה כמו סוכר 700</ManufactureItemDescription>
      <UnitQty>גרם</UnitQty>
      <Quantity>700.00</Quantity>
      <UnitOfMeasure>100 גרם</UnitOfMeasure>
      <bIsWeighted>0</bIsWeighted>
      <QtyInPackage>לא ידוע</QtyInPackage>
      <ItemPrice>45.90</ItemPrice>
      <UnitOfMeasurePrice>6.56</UnitOfMeasurePrice>
      <AllowDiscount>1</AllowDiscount>
      <ItemStatus/>
    </Item>
    <Item>
      <PriceUpdateTime>2025-11-23T13:20:12.000</PriceUpdateTime>
      <ItemCode>7290119377589</ItemCode>
      <LastSaleDateTime>2026-01-22T18:01:04.000</LastSaleDateTime>
      <ItemType>1</ItemType>
      <ItemName>מאסט צנצנת בטעם פירו</ItemName>
      <ManufactureName>לא ידוע</ManufactureName>
      <ManufactureCountry>לא ידוע</ManufactureCountry>
      <ManufactureItemDescription>מאסט צנצנת בטעם פירו</ManufactureItemDescription>
      <UnitQty>גרם</UnitQty>
      <Quantity>96.00</Quantity>
      <UnitOfMeasure>100 גרם</UnitOfMeasure>
      <bIsWeighted>0</bIsWeighted>
      <QtyInPackage>לא ידוע</QtyInPackage>
      <ItemPrice>13.90</ItemPrice>
      <UnitOfMeasurePrice>14.48</UnitOfMeasurePrice>
      <AllowDiscount>1</AllowDiscount>
      <ItemStatus/>
    </Item>
    <Item>
      <PriceUpdateTime>2025-11-24T15:27:31.000</PriceUpdateTime>
      <ItemCode>7290113196414</ItemCode>
      <LastSaleDateTime>2026-01-29T20:31:33.000</LastSaleDateTime>
      <ItemType>1</ItemType>
      <ItemName>אורז בסמטי 1 ק"ג שקד</ItemName>
      <ManufactureName>לא ידוע</ManufactureName>
      <ManufactureCountry>לא ידוע</ManufactureCountry>
      <ManufactureItemDescription>אורז בסמטי 1 ק"ג שקד</ManufactureItemDescription>
      <UnitQty>לא ידוע</UnitQty>
      <Quantity>1.00</Quantity>
      <UnitOfMeasure>יח'</UnitOfMeasure>
      <bIsWeighted>0</bIsWeighted>
      <QtyInPackage>לא ידוע</QtyInPackage>
      <ItemPrice>10.90</ItemPrice>
      <UnitOfMeasurePrice>10.90</UnitOfMeasurePrice>
      <AllowDiscount>1</AllowDiscount>
      <ItemStatus/>
    </Item>
    <Item>
      <PriceUpdateTime>2025-11-26T16:05:06.000</PriceUpdateTime>
      <ItemCode>7290119379200</ItemCode>
      <LastSaleDateTime>2026-01-22T12:48:10.000</LastSaleDateTime>
      <ItemType>1</ItemType>
      <ItemName>שמן זית קלאסי בקבוק</ItemName>
      <ManufactureName>לא ידוע</ManufactureName>
      <ManufactureCountry>לא ידוע</ManufactureCountry>
      <ManufactureItemDescription>שמן זית קלאסי בקבוק</ManufactureItemDescription>
      <UnitQty>לא ידוע</UnitQty>
      <Quantity>280.00</Quantity>
      <UnitOfMeasure>100 מ"ל</UnitOfMeasure>
      <bIsWeighted>0</bIsWeighted>
      <QtyInPackage>לא ידוע</QtyInPackage>
      <ItemPrice>14.90</ItemPrice>
      <UnitOfMeasurePrice>0.05</UnitOfMeasurePrice>
      <AllowDiscount>1</AllowDiscount>
      <ItemStatus/>
    </Item>
    <Item>
      <PriceUpdateTime>2025-11-26T16:11:10.000</PriceUpdateTime>
      <ItemCode>3458081003767</ItemCode>
      <LastSaleDateTime>2015-01-01T00:00:00.000</LastSaleDateTime>
      <ItemType>1</ItemType>
      <ItemName>יין דומיין קברנה סוב</ItemName>
      <ManufactureName>לא ידוע</ManufactureName>
      <ManufactureCountry>לא ידוע</ManufactureCountry>
      <ManufactureItemDescription>יין דומיין קברנה סוב</ManufactureItemDescription>
      <UnitQty>לא ידוע</UnitQty>
      <Quantity>750.00</Quantity>
      <UnitOfMeasure>100 מ"ל</UnitOfMeasure>
      <bIsWeighted>0</bIsWeighted>
      <QtyInPackage>לא ידוע</QtyInPackage>
      <ItemPrice>69.90</ItemPrice>
      <UnitOfMeasurePrice>0.09</UnitOfMeasurePrice>
      <AllowDiscount>1</AllowDiscount>
      <ItemStatus>2</ItemStatus>
    </Item>
    <Item>
      <PriceUpdateTime>2025-11-26T16:11:10.000</PriceUpdateTime>
      <ItemCode>3458081003767</ItemCode>
      <LastSaleDateTime>2015-01-01T00:00:00.000</LastSaleDateTime>
      <ItemType>1</ItemType>
      <ItemName>יין דומיין קברנה סוב</ItemName>
      <ManufactureName>לא ידוע</ManufactureName>
      <ManufactureCountry>לא ידוע</ManufactureCountry>
      <ManufactureItemDescription>יין דומיין קברנה סוב</ManufactureItemDescription>
      <UnitQty>לא ידוע</UnitQty>
      <Quantity>750.00</Quantity>
      <UnitOfMeasure>100 מ"ל</UnitOfMeasure>
      <bIsWeighted>0</bIsWeighted>
      <QtyInPackage>לא ידוע</QtyInPackage>
      <ItemPrice>69.90</ItemPrice>
      <UnitOfMeasurePrice>0.09</UnitOfMeasurePrice>
      <AllowDiscount>1</AllowDiscount>
      <ItemStatus/>
    </Item>
    <Item>
      <PriceUpdateTime>2025-11-26T16:11:10.000</PriceUpdateTime>
      <ItemCode>3458081003774</ItemCode>
      <LastSaleDateTime>2015-01-01T00:00:00.000</LastSaleDateTime>
      <ItemType>1</ItemType>
      <ItemName>יין רוזה דומיין 750</ItemName>
      <ManufactureName>לא ידוע</ManufactureName>
      <ManufactureCountry>לא ידוע</ManufactureCountry>
      <ManufactureItemDescription>יין רוזה דומיין 750</ManufactureItemDescription>
      <UnitQty>לא ידוע</UnitQty>
      <Quantity>750.00</Quantity>
      <UnitOfMeasure>100 מ"ל</UnitOfMeasure>
      <bIsWeighted>0</bIsWeighted>
      <QtyInPackage>לא ידוע</QtyInPackage>
      <ItemPrice>69.90</ItemPrice>
      <UnitOfMeasurePrice>0.09</UnitOfMeasurePrice>
      <AllowDiscount>1</AllowDiscount>
      <ItemStatus>2</ItemStatus>
    </Item>
    <Item>
      <PriceUpdateTime>2025-11-26T16:11:10.000</PriceUpdateTime>
      <ItemCode>3458081003774</ItemCode>
      <LastSaleDateTime>2015-01-01T00:00:00.000</LastSaleDateTime>
      <ItemType>1</ItemType>
      <ItemName>יין רוזה דומיין 750</ItemName>
      <ManufactureName>לא ידוע</ManufactureName>
      <ManufactureCountry>לא ידוע</ManufactureCountry>
      <ManufactureItemDescription>יין רוזה דומיין 750</ManufactureItemDescription>
      <UnitQty>לא ידוע</UnitQty>
      <Quantity>750.00</Quantity>
      <UnitOfMeasure>100 מ"ל</UnitOfMeasure>
      <bIsWeighted>0</bIsWeighted>
      <QtyInPackage>לא ידוע</QtyInPackage>
      <ItemPrice>69.90</ItemPrice>
      <UnitOfMeasurePrice>0.09</UnitOfMeasurePrice>
      <AllowDiscount>1</AllowDiscount>
      <ItemStatus/>
    </Item>
    <Item>
      <PriceUpdateTime>2025-11-26T16:11:10.000</PriceUpdateTime>
      <ItemCode>3458081003781</ItemCode>
      <LastSaleDateTime>2015-01-01T00:00:00.000</LastSaleDateTime>
      <ItemType>1</ItemType>
      <ItemName>יין לבן גרנאש דומיין</ItemName>
      <ManufactureName>לא ידוע</ManufactureName>
      <ManufactureCountry>לא ידוע</ManufactureCountry>
      <ManufactureItemDescription>יין לבן גרנאש דומיין</ManufactureItemDescription>
      <UnitQty>לא ידוע</UnitQty>
      <Quantity>750.00</Quantity>
      <UnitOfMeasure>100 מ"ל</UnitOfMeasure>
      <bIsWeighted>0</bIsWeighted>
      <QtyInPackage>לא ידוע</QtyInPackage>
      <ItemPrice>69.90</ItemPrice>
      <UnitOfMeasurePrice>0.09</UnitOfMeasurePrice>
      <AllowDiscount>1</AllowDiscount>
      <ItemStatus>2</ItemStatus>
    </Item>
    <Item>
      <PriceUpdateTime>2025-11-26T16:11:10.000</PriceUpdateTime>
      <ItemCode>3458081003781</ItemCode>
      <LastSaleDateTime>2015-01-01T00:00:00.000</LastSaleDateTime>
      <ItemType>1</ItemType>
      <ItemName>יין לבן גרנאש דומיין</ItemName>
      <ManufactureName>לא ידוע</ManufactureName>
      <ManufactureCountry>לא ידוע</ManufactureCountry>
      <ManufactureItemDescription>יין לבן גרנאש דומיין</ManufactureItemDescription>
      <UnitQty>לא ידוע</UnitQty>
      <Quantity>750.00</Quantity>
      <UnitOfMeasure>100 מ"ל</UnitOfMeasure>
      <bIsWeighted>0</bIsWeighted>
      <QtyInPackage>לא ידוע</QtyInPackage>
      <ItemPrice>69.90</ItemPrice>
      <UnitOfMeasurePrice>0.09</UnitOfMeasurePrice>
      <AllowDiscount>1</AllowDiscount>
      <ItemStatus/>
    </Item>
    <Item>
      <PriceUpdateTime>2025-11-26T16:11:10.000</PriceUpdateTime>
      <ItemCode>3701201601702</ItemCode>
      <LastSaleDateTime>2015-01-01T00:00:00.000</LastSaleDateTime>
      <ItemType>1</ItemType>
      <ItemName>יין קסטלן מרלו יבש 7</ItemName>
      <ManufactureName>לא ידוע</ManufactureName>
      <ManufactureCountry>לא ידוע</ManufactureCountry>
      <ManufactureItemDescription>יין קסטלן מרלו יבש 7</ManufactureItemDescription>
      <UnitQty>לא ידוע</UnitQty>
      <Quantity>750.00</Quantity>
      <UnitOfMeasure>100 מ"ל</UnitOfMeasure>
      <bIsWeighted>0</bIsWeighted>
      <QtyInPackage>לא ידוע</QtyInPackage>
      <ItemPrice>69.90</ItemPrice>
      <UnitOfMeasurePrice>0.09</UnitOfMeasurePrice>
      <AllowDiscount>1</AllowDiscount>
      <ItemStatus>2</ItemStatus>
    </Item>
    <Item>
      <PriceUpdateTime>2025-11-26T16:11:10.000</PriceUpdateTime>
      <ItemCode>3701201601702</ItemCode>
      <LastSaleDateTime>2015-01-01T00:00:00.000</LastSaleDateTime>
      <ItemType>1</ItemType>
      <ItemName>יין קסטלן מרלו יבש 7</ItemName>
      <ManufactureName>לא ידוע</ManufactureName>
      <ManufactureCountry>לא ידוע</ManufactureCountry>
      <ManufactureItemDescription>יין קסטלן מרלו יבש 7</ManufactureItemDescription>
      <UnitQty>לא ידוע</UnitQty>
      <Quantity>750.00</Quantity>
      <UnitOfMeasure>100 מ"ל</UnitOfMeasure>
      <bIsWeighted>0</bIsWeighted>
      <QtyInPackage>לא ידוע</QtyInPackage>
      <ItemPrice>69.90</ItemPrice>
      <UnitOfMeasurePrice>0.09</UnitOfMeasurePrice>
      <AllowDiscount>1</AllowDiscount>
      <ItemStatus/>
    </Item>
    <Item>
      <PriceUpdateTime>2025-11-26T16:11:10.000</PriceUpdateTime>
      <ItemCode>710497551090</ItemCode>
      <LastSaleDateTime>2015-01-01T00:00:00.000</LastSaleDateTime>
      <ItemType>1</ItemType>
      <ItemName>יין רוזה אסנטיאל 750</ItemName>
      <ManufactureName>לא ידוע</ManufactureName>
      <ManufactureCountry>לא ידוע</ManufactureCountry>
      <ManufactureItemDescription>יין רוזה אסנטיאל 750</ManufactureItemDescription>
      <UnitQty>לא ידוע</UnitQty>
      <Quantity>750.00</Quantity>
      <UnitOfMeasure>100 מ"ל</UnitOfMeasure>
      <bIsWeighted>0</bIsWeighted>
      <QtyInPackage>לא ידוע</QtyInPackage>
      <ItemPrice>74.90</ItemPrice>
      <UnitOfMeasurePrice>0.10</UnitOfMeasurePrice>
      <AllowDiscount>1</AllowDiscount>
      <ItemStatus>2</ItemStatus>
    </Item>
    <Item>
      <PriceUpdateTime>2025-11-26T16:11:10.000</PriceUpdateTime>
      <ItemCode>710497551090</ItemCode>
      <LastSaleDateTime>2015-01-01T00:00:00.000</LastSaleDateTime>
      <ItemType>1</ItemType>
      <ItemName>יין רוזה אסנטיאל 750</ItemName>
      <ManufactureName>לא ידוע</ManufactureName>
      <ManufactureCountry>לא ידוע</ManufactureCountry>
      <ManufactureItemDescription>יין רוזה אסנטיאל 750</ManufactureItemDescription>
      <UnitQty>לא ידוע</UnitQty>
      <Quantity>750.00</Quantity>
      <UnitOfMeasure>100 מ"ל</UnitOfMeasure>
      <bIsWeighted>0</bIsWeighted>
      <QtyInPackage>לא ידוע</QtyInPackage>
      <ItemPrice>74.90</ItemPrice>
      <UnitOfMeasurePrice>0.10</UnitOfMeasurePrice>
      <AllowDiscount>1</AllowDiscount>
      <ItemStatus/>
    </Item>
    <Item>
      <PriceUpdateTime>2025-11-26T16:11:10.000</PriceUpdateTime>
      <ItemCode>3458081002340</ItemCode>
      <LastSaleDateTime>2015-01-01T00:00:00.000</LastSaleDateTime>
      <ItemType>1</ItemType>
      <ItemName>יין שאטו מרמורייר אד</ItemName>
      <ManufactureName>לא ידוע</ManufactureName>
      <ManufactureCountry>לא ידוע</ManufactureCountry>
      <ManufactureItemDescription>יין שאטו מרמורייר אד</ManufactureItemDescription>
      <UnitQty>לא ידוע</UnitQty>
      <Quantity>750.00</Quantity>
      <UnitOfMeasure>100 מ"ל</UnitOfMeasure>
      <bIsWeighted>0</bIsWeighted>
      <QtyInPackage>לא ידוע</QtyInPackage>
      <ItemPrice>109.90</ItemPrice>
      <UnitOfMeasurePrice>0.15</UnitOfMeasurePrice>
      <AllowDiscount>1</AllowDiscount>
      <ItemStatus>2</ItemStatus>
    </Item>
    <Item>
      <PriceUpdateTime>2025-11-26T16:11:10.000</PriceUpdateTime>
      <ItemCode>3458081002340</ItemCode>
      <LastSaleDateTime>2015-01-01T00:00:00.000</LastSaleDateTime>
      <ItemType>1</ItemType>
      <ItemName>יין שאטו מרמורייר אד</ItemName>
      <ManufactureName>לא ידוע</ManufactureName>
      <ManufactureCountry>לא ידוע</ManufactureCountry>
      <ManufactureItemDescription>יין שאטו מרמורייר אד</ManufactureItemDescription>
      <UnitQty>לא ידוע</UnitQty>
      <Quantity>750.00</Quantity>
      <UnitOfMeasure>100 מ"ל</UnitOfMeasure>
      <bIsWeighted>0</bIsWeighted>
      <QtyInPackage>לא ידוע</QtyInPackage>
      <ItemPrice>109.90</ItemPrice>
      <UnitOfMeasurePrice>0.15</UnitOfMeasurePrice>
      <AllowDiscount>1</AllowDiscount>
      <ItemStatus/>
    </Item>
    <Item>
      <PriceUpdateTime>2025-11-26T16:11:10.000</PriceUpdateTime>
      <ItemCode>3550510006001</ItemCode>
      <LastSaleDateTime>2015-01-01T00:00:00.000</LastSaleDateTime>
      <ItemType>1</ItemType>
      <ItemName>יין שאטו גייראור רוז</ItemName>
      <ManufactureName>לא ידוע</ManufactureName>
      <ManufactureCountry>לא ידוע</ManufactureCountry>
      <ManufactureItemDescription>יין שאטו גייראור רוז</ManufactureItemDescription>
      <UnitQty>לא ידוע</UnitQty>
      <Quantity>750.00</Quantity>
      <UnitOfMeasure>100 מ"ל</UnitOfMeasure>
      <bIsWeighted>0</bIsWeighted>
      <QtyInPackage>לא ידוע</QtyInPackage>
      <ItemPrice>79.90</ItemPrice>
      <UnitOfMeasurePrice>0.11</UnitOfMeasurePrice>
      <AllowDiscount>1</AllowDiscount>
      <ItemStatus>2</ItemStatus>
    </Item>
    <Item>
      <PriceUpdateTime>2025-11-26T16:11:10.000</PriceUpdateTime>
      <ItemCode>3550510006001</ItemCode>
      <LastSaleDateTime>2015-01-01T00:00:00.000</LastSaleDateTime>
      <ItemType>1</ItemType>
      <ItemName>יין שאטו גייראור רוז</ItemName>
      <ManufactureName>לא ידוע</ManufactureName>
      <ManufactureCountry>לא ידוע</ManufactureCountry>
      <ManufactureItemDescription>יין שאטו גייראור רוז</ManufactureItemDescription>
      <UnitQty>לא ידוע</UnitQty>
      <Quantity>750.00</Quantity>
      <UnitOfMeasure>100 מ"ל</UnitOfMeasure>
      <bIsWeighted>0</bIsWeighted>
      <QtyInPackage>לא ידוע</QtyInPackage>
      <ItemPrice>79.90</ItemPrice>
      <UnitOfMeasurePrice>0.11</UnitOfMeasurePrice>
      <AllowDiscount>1</AllowDiscount>
      <ItemStatus/>
    </Item>
    <Item>
      <PriceUpdateTime>2025-11-26T16:11:10.000</PriceUpdateTime>
      <ItemCode>3701201601887</ItemCode>
      <LastSaleDateTime>2015-01-01T00:00:00.000</LastSaleDateTime>
      <ItemType>1</ItemType>
      <ItemName>יין לבן אנקלו דה זיי</ItemName>
      <ManufactureName>לא ידוע</ManufactureName>
      <ManufactureCountry>לא ידוע</ManufactureCountry>
      <ManufactureItemDescription>יין לבן אנקלו דה זיי</ManufactureItemDescription>
      <UnitQty>לא ידוע</UnitQty>
      <Quantity>750.00</Quantity>
      <UnitOfMeasure>100 מ"ל</UnitOfMeasure>
      <bIsWeighted>0</bIsWeighted>
      <QtyInPackage>לא ידוע</QtyInPackage>
      <ItemPrice>79.90</ItemPrice>
      <UnitOfMeasurePrice>0.11</UnitOfMeasurePrice>
      <AllowDiscount>1</AllowDiscount>
      <ItemStatus>2</ItemStatus>
    </Item>
    <Item>
      <PriceUpdateTime>2025-11-26T16:11:10.000</PriceUpdateTime>
      <ItemCode>3701201601887</ItemCode>
      <LastSaleDateTime>2015-01-01T00:00:00.000</LastSaleDateTime>
      <ItemType>1</ItemType>
      <ItemName>יין לבן אנקלו דה זיי</ItemName>
      <ManufactureName>לא ידוע</ManufactureName>
      <ManufactureCountry>לא ידוע</ManufactureCountry>
      <ManufactureItemDescription>יין לבן אנקלו דה זיי</ManufactureItemDescription>
      <UnitQty>לא ידוע</UnitQty>
      <Quantity>750.00</Quantity>
      <UnitOfMeasure>100 מ"ל</UnitOfMeasure>
      <bIsWeighted>0</bIsWeighted>
      <QtyInPackage>לא ידוע</QtyInPackage>
      <ItemPrice>79.90</ItemPrice>
      <UnitOfMeasurePrice>0.11</UnitOfMeasurePrice>
      <AllowDiscount>1</AllowDiscount>
      <ItemStatus/>
    </Item>
    <Item>
      <PriceUpdateTime>2025-11-26T16:11:11.000</PriceUpdateTime>
      <ItemCode>7290100680728</ItemCode>
      <LastSaleDateTime>2026-01-29T11:08:45.000</LastSaleDateTime>
      <ItemType>1</ItemType>
      <ItemName>פירורית אסם 350 גרם</ItemName>
      <ManufactureName>אסם</ManufactureName>
      <ManufactureCountry>לא ידוע</ManufactureCountry>
      <ManufactureItemDescription>פירורית אסם 350 גרם</ManufactureItemDescription>
      <UnitQty>גרם</UnitQty>
      <Quantity>350.00</Quantity>
      <UnitOfMeasure>100 גרם</UnitOfMeasure>
      <bIsWeighted>0</bIsWeighted>
      <QtyInPackage>לא ידוע</QtyInPackage>
      <ItemPrice>7.90</ItemPrice>
      <UnitOfMeasurePrice>2.26</UnitOfMeasurePrice>
      <AllowDiscount>1</AllowDiscount>
      <ItemStatus/>
    </Item>
    <Item>
      <PriceUpdateTime>2025-11-26T16:11:11.000</PriceUpdateTime>
      <ItemCode>3701201601900</ItemCode>
      <LastSaleDateTime>2015-01-01T00:00:00.000</LastSaleDateTime>
      <ItemType>1</ItemType>
      <ItemName>יין קסטלן בורדו 750</ItemName>
      <ManufactureName>לא ידוע</ManufactureName>
      <ManufactureCountry>לא ידוע</ManufactureCountry>
      <ManufactureItemDescription>יין קסטלן בורדו 750</ManufactureItemDescription>
      <UnitQty>לא ידוע</UnitQty>
      <Quantity>750.00</Quantity>
      <UnitOfMeasure>100 מ"ל</UnitOfMeasure>
      <bIsWeighted>0</bIsWeighted>
      <QtyInPackage>לא ידוע</QtyInPackage>
      <ItemPrice>69.90</ItemPrice>
      <UnitOfMeasurePrice>0.09</UnitOfMeasurePrice>
      <AllowDiscount>1</AllowDiscount>
      <ItemStatus>2</ItemStatus>
    </Item>
    <Item>
      <PriceUpdateTime>2025-11-26T16:11:11.000</PriceUpdateTime>
      <ItemCode>3701201601900</ItemCode>
      <LastSaleDateTime>2015-01-01T00:00:00.000</LastSaleDateTime>
      <ItemType>1</ItemType>
      <ItemName>יין קסטלן בורדו 750</ItemName>
      <ManufactureName>לא ידוע</ManufactureName>
      <ManufactureCountry>לא ידוע</ManufactureCountry>
      <ManufactureItemDescription>יין קסטלן בורדו 750</ManufactureItemDescription>
      <UnitQty>לא ידוע</UnitQty>
      <Quantity>750.00</Quantity>
      <UnitOfMeasure>100 מ"ל</UnitOfMeasure>
      <bIsWeighted>0</bIsWeighted>
      <QtyInPackage>לא ידוע</QtyInPackage>
      <ItemPrice>69.90</ItemPrice>
      <UnitOfMeasurePrice>0.09</UnitOfMeasurePrice>
      <AllowDiscount>1</AllowDiscount>
      <ItemStatus/>
    </Item>
    <Item>
      <PriceUpdateTime>2025-11-26T16:11:11.000</PriceUpdateTime>
      <ItemCode>3701201601924</ItemCode>
      <LastSaleDateTime>2015-01-01T00:00:00.000</LastSaleDateTime>
      <ItemType>1</ItemType>
      <ItemName>יין קסטלן רוזה יבש 7</ItemName>
      <ManufactureName>לא ידוע</ManufactureName>
      <ManufactureCountry>לא ידוע</ManufactureCountry>
      <ManufactureItemDescription>יין קסטלן רוזה יבש 7</ManufactureItemDescription>
      <UnitQty>לא ידוע</UnitQty>
      <Quantity>750.00</Quantity>
      <UnitOfMeasure>100 מ"ל</UnitOfMeasure>
      <bIsWeighted>0</bIsWeighted>
      <QtyInPackage>לא ידוע</QtyInPackage>
      <ItemPrice>69.90</ItemPrice>
      <UnitOfMeasurePrice>0.09</UnitOfMeasurePrice>
      <AllowDiscount>1</AllowDiscount>
      <ItemStatus>2</ItemStatus>
    </Item>
    <Item>
      <PriceUpdateTime>2025-11-26T16:11:11.000</PriceUpdateTime>
      <ItemCode>3701201601924</ItemCode>
      <LastSaleDateTime>2015-01-01T00:00:00.000</LastSaleDateTime>
      <ItemType>1</ItemType>
      <ItemName>יין קסטלן רוזה יבש 7</ItemName>
      <ManufactureName>לא ידוע</ManufactureName>
      <ManufactureCountry>לא ידוע</ManufactureCountry>
      <ManufactureItemDescription>יין קסטלן רוזה יבש 7</ManufactureItemDescription>
      <UnitQty>לא ידוע</UnitQty>
      <Quantity>750.00</Quantity>
      <UnitOfMeasure>100 מ"ל</UnitOfMeasure>
      <bIsWeighted>0</bIsWeighted>
      <QtyInPackage>לא ידוע</QtyInPackage>
      <ItemPrice>69.90</ItemPrice>
      <UnitOfMeasurePrice>0.09</UnitOfMeasurePrice>
      <AllowDiscount>1</AllowDiscount>
      <ItemStatus/>
    </Item>
    <Item>
      <PriceUpdateTime>2025-11-26T16:11:11.000</PriceUpdateTime>
      <ItemCode>3760098352265</ItemCode>
      <LastSaleDateTime>2015-01-01T00:00:00.000</LastSaleDateTime>
      <ItemType>1</ItemType>
      <ItemName>יין שאטו סנט מרטין ר</ItemName>
      <ManufactureName>לא ידוע</ManufactureName>
      <ManufactureCountry>לא ידוע</ManufactureCountry>
      <ManufactureItemDescription>יין שאטו סנט מרטין ר</ManufactureItemDescription>
      <UnitQty>לא ידוע</UnitQty>
      <Quantity>750.00</Quantity>
      <UnitOfMeasure>100 מ"ל</UnitOfMeasure>
      <bIsWeighted>0</bIsWeighted>
      <QtyInPackage>לא ידוע</QtyInPackage>
      <ItemPrice>119.90</ItemPrice>
      <UnitOfMeasurePrice>0.16</UnitOfMeasurePrice>
      <AllowDiscount>1</AllowDiscount>
      <ItemStatus>2</ItemStatus>
    </Item>
    <Item>
      <PriceUpdateTime>2025-11-26T16:11:11.000</PriceUpdateTime>
      <ItemCode>3760098352265</ItemCode>
      <LastSaleDateTime>2015-01-01T00:00:00.000</LastSaleDateTime>
      <ItemType>1</ItemType>
      <ItemName>יין שאטו סנט מרטין ר</ItemName>
      <ManufactureName>לא ידוע</ManufactureName>
      <ManufactureCountry>לא ידוע</ManufactureCountry>
      <ManufactureItemDescription>יין שאטו סנט מרטין ר</ManufactureItemDescription>
      <UnitQty>לא ידוע</UnitQty>
      <Quantity>750.00</Quantity>
      <UnitOfMeasure>100 מ"ל</UnitOfMeasure>
      <bIsWeighted>0</bIsWeighted>
      <QtyInPackage>לא ידוע</QtyInPackage>
      <ItemPrice>119.90</ItemPrice>
      <UnitOfMeasurePrice>0.16</UnitOfMeasurePrice>
      <AllowDiscount>1</AllowDiscount>
      <ItemStatus/>
    </Item>
    <Item>
      <PriceUpdateTime>2025-11-26T16:11:11.000</PriceUpdateTime>
      <ItemCode>7290006299048</ItemCode>
      <LastSaleDateTime>2015-01-01T00:00:00.000</LastSaleDateTime>
      <ItemType>1</ItemType>
      <ItemName>יין אדום רזרב גוסף ה</ItemName>
      <ManufactureName>לא ידוע</ManufactureName>
      <ManufactureCountry>לא ידוע</ManufactureCountry>
      <ManufactureItemDescription>יין אדום רזרב גוסף ה</ManufactureItemDescription>
      <UnitQty>לא ידוע</UnitQty>
      <Quantity>750.00</Quantity>
      <UnitOfMeasure>100 מ"ל</UnitOfMeasure>
      <bIsWeighted>0</bIsWeighted>
      <QtyInPackage>לא ידוע</QtyInPackage>
      <ItemPrice>109.90</ItemPrice>
      <UnitOfMeasurePrice>0.15</UnitOfMeasurePrice>
      <AllowDiscount>1</AllowDiscount>
      <ItemStatus>2</ItemStatus>
    </Item>
    <Item>
      <PriceUpdateTime>2025-11-26T16:11:11.000</PriceUpdateTime>
      <ItemCode>7290006299048</ItemCode>
      <LastSaleDateTime>2015-01-01T00:00:00.000</LastSaleDateTime>
      <ItemType>1</ItemType>
      <ItemName>יין אדום רזרב גוסף ה</ItemName>
      <ManufactureName>לא ידוע</ManufactureName>
      <ManufactureCountry>לא ידוע</ManufactureCountry>
      <ManufactureItemDescription>יין אדום רזרב גוסף ה</ManufactureItemDescription>
      <UnitQty>לא ידוע</UnitQty>
      <Quantity>750.00</Quantity>
      <UnitOfMeasure>100 מ"ל</UnitOfMeasure>
      <bIsWeighted>0</bIsWeighted>
      <QtyInPackage>לא ידוע</QtyInPackage>
      <ItemPrice>109.90</ItemPrice>
      <UnitOfMeasurePrice>0.15</UnitOfMeasurePrice>
      <AllowDiscount>1</AllowDiscount>
      <ItemStatus/>
    </Item>
    <Item>
      <PriceUpdateTime>2025-11-26T16:11:11.000</PriceUpdateTime>
      <ItemCode>7290006299055</ItemCode>
      <LastSaleDateTime>2015-01-01T00:00:00.000</LastSaleDateTime>
      <ItemType>1</ItemType>
      <ItemName>יין ג'וזף קברנה הרי</ItemName>
      <ManufactureName>לא ידוע</ManufactureName>
      <ManufactureCountry>לא ידוע</ManufactureCountry>
      <ManufactureItemDescription>יין ג'וזף קברנה הרי</ManufactureItemDescription>
      <UnitQty>לא ידוע</UnitQty>
      <Quantity>750.00</Quantity>
      <UnitOfMeasure>100 מ"ל</UnitOfMeasure>
      <bIsWeighted>0</bIsWeighted>
      <QtyInPackage>לא ידוע</QtyInPackage>
      <ItemPrice>69.90</ItemPrice>
      <UnitOfMeasurePrice>0.09</UnitOfMeasurePrice>
      <AllowDiscount>1</AllowDiscount>
      <ItemStatus>2</ItemStatus>
    </Item>
    <Item>
      <PriceUpdateTime>2025-11-26T16:11:11.000</PriceUpdateTime>
      <ItemCode>7290006299055</ItemCode>
      <LastSaleDateTime>2015-01-01T00:00:00.000</LastSaleDateTime>
      <ItemType>1</ItemType>
      <ItemName>יין ג'וזף קברנה הרי</ItemName>
      <ManufactureName>לא ידוע</ManufactureName>
      <ManufactureCountry>לא ידוע</ManufactureCountry>
      <ManufactureItemDescription>יין ג'וזף קברנה הרי</ManufactureItemDescription>
      <UnitQty>לא ידוע</UnitQty>
      <Quantity>750.00</Quantity>
      <UnitOfMeasure>100 מ"ל</UnitOfMeasure>
      <bIsWeighted>0</bIsWeighted>
      <QtyInPackage>לא ידוע</QtyInPackage>
      <ItemPrice>69.90</ItemPrice>
      <UnitOfMeasurePrice>0.09</UnitOfMeasurePrice>
      <AllowDiscount>1</AllowDiscount>
      <ItemStatus/>
    </Item>
    <Item>
      <PriceUpdateTime>2025-11-26T16:11:12.000</PriceUpdateTime>
      <ItemCode>7290104508189</ItemCode>
      <LastSaleDateTime>2026-01-29T15:31:16.000</LastSaleDateTime>
      <ItemType>1</ItemType>
      <ItemName>גביעי גלידה אסם 24 י</ItemName>
      <ManufactureName>אסם</ManufactureName>
      <ManufactureCountry>לא ידוע</ManufactureCountry>
      <ManufactureItemDescription>גביעי גלידה אסם 24 י</ManufactureItemDescription>
      <UnitQty>גרם</UnitQty>
      <Quantity>95.00</Quantity>
      <UnitOfMeasure>גרם</UnitOfMeasure>
      <bIsWeighted>0</bIsWeighted>
      <QtyInPackage>לא ידוע</QtyInPackage>
      <ItemPrice>13.90</ItemPrice>
      <UnitOfMeasurePrice>0.15</UnitOfMeasurePrice>
      <AllowDiscount>1</AllowDiscount>
      <ItemStatus/>
    </Item>
    <Item>
      <PriceUpdateTime>2025-11-26T16:11:12.000</PriceUpdateTime>
      <ItemCode>7290111566240</ItemCode>
      <LastSaleDateTime>2026-01-22T14:37:27.000</LastSaleDateTime>
      <ItemType>1</ItemType>
      <ItemName>שניצל דק צ'לי חריף 5</ItemName>
      <ManufactureName>לא ידוע</ManufactureName>
      <ManufactureCountry>לא ידוע</ManufactureCountry>
      <ManufactureItemDescription>שניצל דק צ'לי חריף 5</ManufactureItemDescription>
      <UnitQty>גרם</UnitQty>
      <Quantity>564.00</Quantity>
      <UnitOfMeasure>100 גרם</UnitOfMeasure>
      <bIsWeighted>0</bIsWeighted>
      <QtyInPackage>לא ידוע</QtyInPackage>
      <ItemPrice>35.90</ItemPrice>
      <UnitOfMeasurePrice>6.37</UnitOfMeasurePrice>
      <AllowDiscount>1</AllowDiscount>
      <ItemStatus/>
    </Item>
    <Item>
      <PriceUpdateTime>2025-11-26T16:11:12.000</PriceUpdateTime>
      <ItemCode>7290111566271</ItemCode>
      <LastSaleDateTime>2026-01-29T15:53:05.000</LastSaleDateTime>
      <ItemType>1</ItemType>
      <ItemName>חטיפי תירס 657 גרם ט</ItemName>
      <ManufactureName>לא ידוע</ManufactureName>
      <ManufactureCountry>לא ידוע</ManufactureCountry>
      <ManufactureItemDescription>חטיפי תירס 657 גרם ט</ManufactureItemDescription>
      <UnitQty>גרם</UnitQty>
      <Quantity>657.00</Quantity>
      <UnitOfMeasure>100 גרם</UnitOfMeasure>
      <bIsWeighted>0</bIsWeighted>
      <QtyInPackage>לא ידוע</QtyInPackage>
      <ItemPrice>32.90</ItemPrice>
      <UnitOfMeasurePrice>5.01</UnitOfMeasurePrice>
      <AllowDiscount>1</AllowDiscount>
      <ItemStatus/>
    </Item>
    <Item>
      <PriceUpdateTime>2025-11-26T16:11:12.000</PriceUpdateTime>
      <ItemCode>7290111566318</ItemCode>
      <LastSaleDateTime>2026-01-29T12:32:26.000</LastSaleDateTime>
      <ItemType>1</ItemType>
      <ItemName>שניצל דק מהצומח 564</ItemName>
      <ManufactureName>לא ידוע</ManufactureName>
      <ManufactureCountry>לא ידוע</ManufactureCountry>
      <ManufactureItemDescription>שניצל דק מהצומח 564</ManufactureItemDescription>
      <UnitQty>גרם</UnitQty>
      <Quantity>564.00</Quantity>
      <UnitOfMeasure>100 גרם</UnitOfMeasure>
      <bIsWeighted>0</bIsWeighted>
      <QtyInPackage>לא ידוע</QtyInPackage>
      <ItemPrice>35.90</ItemPrice>
      <UnitOfMeasurePrice>6.37</UnitOfMeasurePrice>
      <AllowDiscount>1</AllowDiscount>
      <ItemStatus/>
    </Item>
    <Item>
      <PriceUpdateTime>2025-11-26T16:11:12.000</PriceUpdateTime>
      <ItemCode>7290112965363</ItemCode>
      <LastSaleDateTime>2026-01-22T19:34:05.000</LastSaleDateTime>
      <ItemType>1</ItemType>
      <ItemName>קציצת קינואה וברוקול</ItemName>
      <ManufactureName>לא ידוע</ManufactureName>
      <ManufactureCountry>לא ידוע</ManufactureCountry>
      <ManufactureItemDescription>קציצת קינואה וברוקול</ManufactureItemDescription>
      <UnitQty>גרם</UnitQty>
      <Quantity>525.00</Quantity>
      <UnitOfMeasure>100 גרם</UnitOfMeasure>
      <bIsWeighted>0</bIsWeighted>
      <QtyInPackage>לא ידוע</QtyInPackage>
      <ItemPrice>35.90</ItemPrice>
      <UnitOfMeasurePrice>6.84</UnitOfMeasurePrice>
      <AllowDiscount>1</AllowDiscount>
      <ItemStatus/>
    </Item>
    <Item>
      <PriceUpdateTime>2025-11-26T16:11:12.000</PriceUpdateTime>
      <ItemCode>7290112965967</ItemCode>
      <LastSaleDateTime>2026-01-22T19:53:08.000</LastSaleDateTime>
      <ItemType>1</ItemType>
      <ItemName>נאגטס ירקות כתומים 5</ItemName>
      <ManufactureName>לא ידוע</ManufactureName>
      <ManufactureCountry>לא ידוע</ManufactureCountry>
      <ManufactureItemDescription>נאגטס ירקות כתומים 5</ManufactureItemDescription>
      <UnitQty>גרם</UnitQty>
      <Quantity>500.00</Quantity>
      <UnitOfMeasure>100 גרם</UnitOfMeasure>
      <bIsWeighted>0</bIsWeighted>
      <QtyInPackage>לא ידוע</QtyInPackage>
      <ItemPrice>35.90</ItemPrice>
      <UnitOfMeasurePrice>7.18</UnitOfMeasurePrice>
      <AllowDiscount>1</AllowDiscount>
      <ItemStatus/>
    </Item>
    <Item>
      <PriceUpdateTime>2025-11-30T08:20:56.000</PriceUpdateTime>
      <ItemCode>8717163647233</ItemCode>
      <LastSaleDateTime>2026-01-22T12:40:46.000</LastSaleDateTime>
      <ItemType>1</ItemType>
      <ItemName>אקס ספריי בלאק נייט</ItemName>
      <ManufactureName>לא ידוע</ManufactureName>
      <ManufactureCountry>לא ידוע</ManufactureCountry>
      <ManufactureItemDescription>אקס ספריי בלאק נייט</ManufactureItemDescription>
      <UnitQty>לא ידוע</UnitQty>
      <Quantity>150.00</Quantity>
      <UnitOfMeasure>100 מ"ל</UnitOfMeasure>
      <bIsWeighted>0</bIsWeighted>
      <QtyInPackage>לא ידוע</QtyInPackage>
      <ItemPrice>14.90</ItemPrice>
      <UnitOfMeasurePrice>0.10</UnitOfMeasurePrice>
      <AllowDiscount>1</AllowDiscount>
      <ItemStatus/>
    </Item>
    <Item>
      <PriceUpdateTime>2025-11-30T08:21:01.000</PriceUpdateTime>
      <ItemCode>7290018294352</ItemCode>
      <LastSaleDateTime>2026-01-29T15:59:19.000</LastSaleDateTime>
      <ItemType>1</ItemType>
      <ItemName>ערק כרמל 37.5% 700 מ</ItemName>
      <ManufactureName>לא ידוע</ManufactureName>
      <ManufactureCountry>לא ידוע</ManufactureCountry>
      <ManufactureItemDescription>ערק כרמל 37.5% 700 מ</ManufactureItemDescription>
      <UnitQty>לא ידוע</UnitQty>
      <Quantity>700.00</Quantity>
      <UnitOfMeasure>100 מ"ל</UnitOfMeasure>
      <bIsWeighted>0</bIsWeighted>
      <QtyInPackage>לא ידוע</QtyInPackage>
      <ItemPrice>54.90</ItemPrice>
      <UnitOfMeasurePrice>0.08</UnitOfMeasurePrice>
      <AllowDiscount>1</AllowDiscount>
      <ItemStatus/>
    </Item>
    <Item>
      <PriceUpdateTime>2025-11-30T08:21:13.000</PriceUpdateTime>
      <ItemCode>7290101110262</ItemCode>
      <LastSaleDateTime>2026-01-22T12:21:56.000</LastSaleDateTime>
      <ItemType>1</ItemType>
      <ItemName>חגיגה מלבי 1.8ל</ItemName>
      <ManufactureName>לא ידוע</ManufactureName>
      <ManufactureCountry>לא ידוע</ManufactureCountry>
      <ManufactureItemDescription>חגיגה מלבי 1.8ל</ManufactureItemDescription>
      <UnitQty>ליטר</UnitQty>
      <Quantity>1.80</Quantity>
      <UnitOfMeasure>ליטר    </UnitOfMeasure>
      <bIsWeighted>0</bIsWeighted>
      <QtyInPackage>לא ידוע</QtyInPackage>
      <ItemPrice>27.90</ItemPrice>
      <UnitOfMeasurePrice>15.50</UnitOfMeasurePrice>
      <AllowDiscount>1</AllowDiscount>
      <ItemStatus/>
    </Item>
    <Item>
      <PriceUpdateTime>2025-11-30T08:21:13.000</PriceUpdateTime>
      <ItemCode>7290101113997</ItemCode>
      <LastSaleDateTime>2026-01-29T10:34:02.000</LastSaleDateTime>
      <ItemType>1</ItemType>
      <ItemName>מאגדת רביעייה טילון</ItemName>
      <ManufactureName>לא ידוע</ManufactureName>
      <ManufactureCountry>לא ידוע</ManufactureCountry>
      <ManufactureItemDescription>מאגדת רביעייה טילון</ManufactureItemDescription>
      <UnitQty>לא ידוע</UnitQty>
      <Quantity>1.00</Quantity>
      <UnitOfMeasure>יח'</UnitOfMeasure>
      <bIsWeighted>0</bIsWeighted>
      <QtyInPackage>לא ידוע</QtyInPackage>
      <ItemPrice>18.90</ItemPrice>
      <UnitOfMeasurePrice>18.90</UnitOfMeasurePrice>
      <AllowDiscount>1</AllowDiscount>
      <ItemStatus/>
    </Item>
    <Item>
      <PriceUpdateTime>2025-12-01T08:37:24.000</PriceUpdateTime>
      <ItemCode>7290104965746</ItemCode>
      <LastSaleDateTime>2026-01-28T17:28:10.000</LastSaleDateTime>
      <ItemType>1</ItemType>
      <ItemName>קרליין מרכך מאצ'ה ומ</ItemName>
      <ManufactureName>לא ידוע</ManufactureName>
      <ManufactureCountry>לא ידוע</ManufactureCountry>
      <ManufactureItemDescription>קרליין מרכך מאצ'ה ומ</ManufactureItemDescription>
      <UnitQty>לא ידוע</UnitQty>
      <Quantity>700.00</Quantity>
      <UnitOfMeasure>100 מ"ל</UnitOfMeasure>
      <bIsWeighted>0</bIsWeighted>
      <QtyInPackage>לא ידוע</QtyInPackage>
      <ItemPrice>9.90</ItemPrice>
      <UnitOfMeasurePrice>0.01</UnitOfMeasurePrice>
      <AllowDiscount>1</AllowDiscount>
      <ItemStatus/>
    </Item>
    <Item>
      <PriceUpdateTime>2025-12-01T08:37:24.000</PriceUpdateTime>
      <ItemCode>7290111096198</ItemCode>
      <LastSaleDateTime>2026-01-22T18:30:59.000</LastSaleDateTime>
      <ItemType>1</ItemType>
      <ItemName>משטח החתלה בייביסיטר</ItemName>
      <ManufactureName>לא ידוע</ManufactureName>
      <ManufactureCountry>לא ידוע</ManufactureCountry>
      <ManufactureItemDescription>משטח החתלה בייביסיטר</ManufactureItemDescription>
      <UnitQty>לא ידוע</UnitQty>
      <Quantity>10.00</Quantity>
      <UnitOfMeasure>יח'</UnitOfMeasure>
      <bIsWeighted>0</bIsWeighted>
      <QtyInPackage>לא ידוע</QtyInPackage>
      <ItemPrice>17.90</ItemPrice>
      <UnitOfMeasurePrice>1.79</UnitOfMeasurePrice>
      <AllowDiscount>1</AllowDiscount>
      <ItemStatus/>
    </Item>
    <Item>
      <PriceUpdateTime>2025-12-01T10:10:18.000</PriceUpdateTime>
      <ItemCode>7290003457991</ItemCode>
      <LastSaleDateTime>2026-01-22T15:32:45.000</LastSaleDateTime>
      <ItemType>1</ItemType>
      <ItemName>טילון קורנטו קלאסיקו</ItemName>
      <ManufactureName>שטראוס</ManufactureName>
      <ManufactureCountry>לא ידוע</ManufactureCountry>
      <ManufactureItemDescription>טילון קורנטו קלאסיקו</ManufactureItemDescription>
      <UnitQty>גרם</UnitQty>
      <Quantity>300.00</Quantity>
      <UnitOfMeasure>100 גרם</UnitOfMeasure>
      <bIsWeighted>0</bIsWeighted>
      <QtyInPackage>לא ידוע</QtyInPackage>
      <ItemPrice>35.90</ItemPrice>
      <UnitOfMeasurePrice>11.97</UnitOfMeasurePrice>
      <AllowDiscount>1</AllowDiscount>
      <ItemStatus/>
    </Item>
    <Item>
      <PriceUpdateTime>2025-12-01T10:10:19.000</PriceUpdateTime>
      <ItemCode>7290011081690</ItemCode>
      <LastSaleDateTime>2026-01-22T11:20:24.000</LastSaleDateTime>
      <ItemType>1</ItemType>
      <ItemName>קרמיסימו פרווה שוקו</ItemName>
      <ManufactureName>קרמיסימו</ManufactureName>
      <ManufactureCountry>לא ידוע</ManufactureCountry>
      <ManufactureItemDescription>קרמיסימו פרווה שוקו</ManufactureItemDescription>
      <UnitQty>ליטר</UnitQty>
      <Quantity>1.33</Quantity>
      <UnitOfMeasure>ליטר    </UnitOfMeasure>
      <bIsWeighted>0</bIsWeighted>
      <QtyInPackage>לא ידוע</QtyInPackage>
      <ItemPrice>22.90</ItemPrice>
      <UnitOfMeasurePrice>17.22</UnitOfMeasurePrice>
      <AllowDiscount>1</AllowDiscount>
      <ItemStatus/>
    </Item>
    <Item>
      <PriceUpdateTime>2025-12-01T10:10:26.000</PriceUpdateTime>
      <ItemCode>7290000504025</ItemCode>
      <LastSaleDateTime>2026-01-29T20:20:41.000</LastSaleDateTime>
      <ItemType>1</ItemType>
      <ItemName>ממתיק סוכרזית פטריה</ItemName>
      <ManufactureName>סוכרזית</ManufactureName>
      <ManufactureCountry>לא ידוע</ManufactureCountry>
      <ManufactureItemDescription>ממתיק סוכרזית פטריה</ManufactureItemDescription>
      <UnitQty>גרם</UnitQty>
      <Quantity>246.00</Quantity>
      <UnitOfMeasure>100 גרם</UnitOfMeasure>
      <bIsWeighted>0</bIsWeighted>
      <QtyInPackage>לא ידוע</QtyInPackage>
      <ItemPrice>7.90</ItemPrice>
      <UnitOfMeasurePrice>3.21</UnitOfMeasurePrice>
      <AllowDiscount>1</AllowDiscount>
      <ItemStatus/>
    </Item>
    <Item>
      <PriceUpdateTime>2025-12-01T10:10:27.000</PriceUpdateTime>
      <ItemCode>7290015282796</ItemCode>
      <LastSaleDateTime>2026-01-29T20:26:01.000</LastSaleDateTime>
      <ItemType>1</ItemType>
      <ItemName>סלטי תפו"א 200 ג</ItemName>
      <ManufactureName>לא ידוע</ManufactureName>
      <ManufactureCountry>לא ידוע</ManufactureCountry>
      <ManufactureItemDescription>סלטי תפו"א 200 ג</ManufactureItemDescription>
      <UnitQty>גרם</UnitQty>
      <Quantity>200.00</Quantity>
      <UnitOfMeasure>100 גרם</UnitOfMeasure>
      <bIsWeighted>0</bIsWeighted>
      <QtyInPackage>לא ידוע</QtyInPackage>
      <ItemPrice>10.90</ItemPrice>
      <UnitOfMeasurePrice>5.45</UnitOfMeasurePrice>
      <AllowDiscount>1</AllowDiscount>
      <ItemStatus/>
    </Item>
    <Item>
      <PriceUpdateTime>2025-12-01T10:10:27.000</PriceUpdateTime>
      <ItemCode>7290017599236</ItemCode>
      <LastSaleDateTime>2026-01-28T18:31:53.000</LastSaleDateTime>
      <ItemType>1</ItemType>
      <ItemName>ממתיק סטיוויה 200 טב</ItemName>
      <ManufactureName>לא ידוע</ManufactureName>
      <ManufactureCountry>לא ידוע</ManufactureCountry>
      <ManufactureItemDescription>ממתיק סטיוויה 200 טב</ManufactureItemDescription>
      <UnitQty>לא ידוע</UnitQty>
      <Quantity>1.00</Quantity>
      <UnitOfMeasure>יח'</UnitOfMeasure>
      <bIsWeighted>0</bIsWeighted>
      <QtyInPackage>לא ידוע</QtyInPackage>
      <ItemPrice>24.90</ItemPrice>
      <UnitOfMeasurePrice>24.90</UnitOfMeasurePrice>
      <AllowDiscount>1</AllowDiscount>
      <ItemStatus/>
    </Item>
    <Item>
      <PriceUpdateTime>2025-12-01T16:35:17.000</PriceUpdateTime>
      <ItemCode>7290102395262</ItemCode>
      <LastSaleDateTime>2026-01-22T21:39:18.000</LastSaleDateTime>
      <ItemType>1</ItemType>
      <ItemName>יוגורט בטעם תות ואפר</ItemName>
      <ManufactureName>מולר</ManufactureName>
      <ManufactureCountry>לא ידוע</ManufactureCountry>
      <ManufactureItemDescription>יוגורט בטעם תות ואפר</ManufactureItemDescription>
      <UnitQty>ליטר</UnitQty>
      <Quantity>1.20</Quantity>
      <UnitOfMeasure>ליטר    </UnitOfMeasure>
      <bIsWeighted>0</bIsWeighted>
      <QtyInPackage>לא ידוע</QtyInPackage>
      <ItemPrice>29.90</ItemPrice>
      <UnitOfMeasurePrice>24.92</UnitOfMeasurePrice>
      <AllowDiscount>1</AllowDiscount>
      <ItemStatus/>
    </Item>
    <Item>
      <PriceUpdateTime>2025-12-01T16:35:17.000</PriceUpdateTime>
      <ItemCode>7290102396740</ItemCode>
      <LastSaleDateTime>2026-01-28T12:24:53.000</LastSaleDateTime>
      <ItemType>1</ItemType>
      <ItemName>מאגדת שמינייה מולר ס</ItemName>
      <ManufactureName>לא ידוע</ManufactureName>
      <ManufactureCountry>לא ידוע</ManufactureCountry>
      <ManufactureItemDescription>מאגדת שמינייה מולר ס</ManufactureItemDescription>
      <UnitQty>לא ידוע</UnitQty>
      <Quantity>1.00</Quantity>
      <UnitOfMeasure>יח'</UnitOfMeasure>
      <bIsWeighted>0</bIsWeighted>
      <QtyInPackage>לא ידוע</QtyInPackage>
      <ItemPrice>29.90</ItemPrice>
      <UnitOfMeasurePrice>29.90</UnitOfMeasurePrice>
      <AllowDiscount>1</AllowDiscount>
      <ItemStatus/>
    </Item>
    <Item>
      <PriceUpdateTime>2025-12-01T16:35:17.000</PriceUpdateTime>
      <ItemCode>7290000023083</ItemCode>
      <LastSaleDateTime>2026-01-28T18:50:23.000</LastSaleDateTime>
      <ItemType>1</ItemType>
      <ItemName>ערק אשקלון 700 מ"ל</ItemName>
      <ManufactureName>טמפו</ManufactureName>
      <ManufactureCountry>ישראל</ManufactureCountry>
      <ManufactureItemDescription>ערק אשקלון 700 מ"ל</ManufactureItemDescription>
      <UnitQty>לא ידוע</UnitQty>
      <Quantity>700.00</Quantity>
      <UnitOfMeasure>100 מ"ל</UnitOfMeasure>
      <bIsWeighted>0</bIsWeighted>
      <QtyInPackage>לא ידוע</QtyInPackage>
      <ItemPrice>49.90</ItemPrice>
      <UnitOfMeasurePrice>0.07</UnitOfMeasurePrice>
      <AllowDiscount>1</AllowDiscount>
      <ItemStatus/>
    </Item>
    <Item>
      <PriceUpdateTime>2025-12-05T07:35:59.000</PriceUpdateTime>
      <ItemCode>7290111347870</ItemCode>
      <LastSaleDateTime>2026-01-28T14:47:56.000</LastSaleDateTime>
      <ItemType>1</ItemType>
      <ItemName>האגיס חיתול לילה מיד</ItemName>
      <ManufactureName>לא ידוע</ManufactureName>
      <ManufactureCountry>לא ידוע</ManufactureCountry>
      <ManufactureItemDescription>האגיס חיתול לילה מיד</ManufactureItemDescription>
      <UnitQty>יחידות</UnitQty>
      <Quantity>0.00</Quantity>
      <UnitOfMeasure>יחידה   </UnitOfMeasure>
      <bIsWeighted>0</bIsWeighted>
      <QtyInPackage>לא ידוע</QtyInPackage>
      <ItemPrice>41.50</ItemPrice>
      <UnitOfMeasurePrice>0.00</UnitOfMeasurePrice>
      <AllowDiscount>1</AllowDiscount>
      <ItemStatus/>
    </Item>
    <Item>
      <PriceUpdateTime>2025-12-05T07:35:59.000</PriceUpdateTime>
      <ItemCode>7290122633085</ItemCode>
      <LastSaleDateTime>2026-01-29T19:42:09.000</LastSaleDateTime>
      <ItemType>1</ItemType>
      <ItemName>ממרח אגוזי לוז שברי</ItemName>
      <ManufactureName>לא ידוע</ManufactureName>
      <ManufactureCountry>לא ידוע</ManufactureCountry>
      <ManufactureItemDescription>ממרח אגוזי לוז שברי</ManufactureItemDescription>
      <UnitQty>גרם</UnitQty>
      <Quantity>300.00</Quantity>
      <UnitOfMeasure>100 גרם</UnitOfMeasure>
      <bIsWeighted>0</bIsWeighted>
      <QtyInPackage>לא ידוע</QtyInPackage>
      <ItemPrice>15.90</ItemPrice>
      <UnitOfMeasurePrice>5.30</UnitOfMeasurePrice>
      <AllowDiscount>1</AllowDiscount>
      <ItemStatus/>
    </Item>
    <Item>
      <PriceUpdateTime>2025-12-06T19:10:39.000</PriceUpdateTime>
      <ItemCode>7290000000984</ItemCode>
      <LastSaleDateTime>2026-01-29T14:27:35.000</LastSaleDateTime>
      <ItemType>1</ItemType>
      <ItemName>שום טרי עם עלים</ItemName>
      <ManufactureName>ביכורי השקמה</ManufactureName>
      <ManufactureCountry>לא ידוע</ManufactureCountry>
      <ManufactureItemDescription>שום טרי עם עלים</ManufactureItemDescription>
      <UnitQty>קילוגרם</UnitQty>
      <Quantity>1.00</Quantity>
      <UnitOfMeasure>ק"ג     </UnitOfMeasure>
      <bIsWeighted>1</bIsWeighted>
      <QtyInPackage>לא ידוע</QtyInPackage>
      <ItemPrice>29.90</ItemPrice>
      <UnitOfMeasurePrice>29.90</UnitOfMeasurePrice>
      <AllowDiscount>1</AllowDiscount>
      <ItemStatus/>
    </Item>
    <Item>
      <PriceUpdateTime>2025-12-07T14:11:11.000</PriceUpdateTime>
      <ItemCode>7290000998160</ItemCode>
      <LastSaleDateTime>2015-01-01T00:00:00.000</LastSaleDateTime>
      <ItemType>1</ItemType>
      <ItemName>עגבניות מגי</ItemName>
      <ManufactureName>לא ידוע</ManufactureName>
      <ManufactureCountry>לא ידוע</ManufactureCountry>
      <ManufactureItemDescription>עגבניות מגי</ManufactureItemDescription>
      <UnitQty>קילוגרמים</UnitQty>
      <Quantity>1.00</Quantity>
      <UnitOfMeasure>100 ק"ג</UnitOfMeasure>
      <bIsWeighted>1</bIsWeighted>
      <QtyInPackage>לא ידוע</QtyInPackage>
      <ItemPrice>13.90</ItemPrice>
      <UnitOfMeasurePrice>13.90</UnitOfMeasurePrice>
      <AllowDiscount>1</AllowDiscount>
      <ItemStatus>2</ItemStatus>
    </Item>
    <Item>
      <PriceUpdateTime>2025-12-07T14:11:12.000</PriceUpdateTime>
      <ItemCode>7290016998160</ItemCode>
      <LastSaleDateTime>2026-01-29T17:08:28.000</LastSaleDateTime>
      <ItemType>1</ItemType>
      <ItemName>עגבניות מגי</ItemName>
      <ManufactureName>לא ידוע</ManufactureName>
      <ManufactureCountry>לא ידוע</ManufactureCountry>
      <ManufactureItemDescription>עגבניות מגי</ManufactureItemDescription>
      <UnitQty>קילוגרמים</UnitQty>
      <Quantity>1.00</Quantity>
      <UnitOfMeasure>100 ק"ג</UnitOfMeasure>
      <bIsWeighted>1</bIsWeighted>
      <QtyInPackage>לא ידוע</QtyInPackage>
      <ItemPrice>13.90</ItemPrice>
      <UnitOfMeasurePrice>13.90</UnitOfMeasurePrice>
      <AllowDiscount>1</AllowDiscount>
      <ItemStatus/>
    </Item>
    <Item>
      <PriceUpdateTime>2025-12-08T07:37:11.000</PriceUpdateTime>
      <ItemCode>8858271004522</ItemCode>
      <LastSaleDateTime>2026-01-22T10:33:14.000</LastSaleDateTime>
      <ItemType>1</ItemType>
      <ItemName>רוטב צ'ילי ירוק לתיב</ItemName>
      <ManufactureName>מזרח ומערב</ManufactureName>
      <ManufactureCountry>לא ידוע</ManufactureCountry>
      <ManufactureItemDescription>רוטב צ'ילי ירוק לתיב</ManufactureItemDescription>
      <UnitQty>לא ידוע</UnitQty>
      <Quantity>250.00</Quantity>
      <UnitOfMeasure>100 מ"ל</UnitOfMeasure>
      <bIsWeighted>0</bIsWeighted>
      <QtyInPackage>לא ידוע</QtyInPackage>
      <ItemPrice>9.90</ItemPrice>
      <UnitOfMeasurePrice>0.04</UnitOfMeasurePrice>
      <AllowDiscount>1</AllowDiscount>
      <ItemStatus/>
    </Item>
    <Item>
      <PriceUpdateTime>2025-12-09T09:15:53.000</PriceUpdateTime>
      <ItemCode>7290003643004</ItemCode>
      <LastSaleDateTime>2026-01-29T21:49:45.000</LastSaleDateTime>
      <ItemType>1</ItemType>
      <ItemName>אורז בסמטי קלאסי 1 ק</ItemName>
      <ManufactureName>סוגת</ManufactureName>
      <ManufactureCountry>לא ידוע</ManufactureCountry>
      <ManufactureItemDescription>אורז בסמטי קלאסי 1 ק</ManufactureItemDescription>
      <UnitQty>קילוגרמים</UnitQty>
      <Quantity>1.00</Quantity>
      <UnitOfMeasure>100 ק"ג</UnitOfMeasure>
      <bIsWeighted>0</bIsWeighted>
      <QtyInPackage>לא ידוע</QtyInPackage>
      <ItemPrice>14.50</ItemPrice>
      <UnitOfMeasurePrice>14.50</UnitOfMeasurePrice>
      <AllowDiscount>1</AllowDiscount>
      <ItemStatus/>
    </Item>
    <Item>
      <PriceUpdateTime>2025-12-09T12:04:37.000</PriceUpdateTime>
      <ItemCode>7290110579784</ItemCode>
      <LastSaleDateTime>2026-01-29T17:42:01.000</LastSaleDateTime>
      <ItemType>1</ItemType>
      <ItemName>פולי אספרסו עוצמה 14</ItemName>
      <ManufactureName>לא ידוע</ManufactureName>
      <ManufactureCountry>לא ידוע</ManufactureCountry>
      <ManufactureItemDescription>פולי אספרסו עוצמה 14</ManufactureItemDescription>
      <UnitQty>גרם</UnitQty>
      <Quantity>450.00</Quantity>
      <UnitOfMeasure>100 גרם</UnitOfMeasure>
      <bIsWeighted>0</bIsWeighted>
      <QtyInPackage>לא ידוע</QtyInPackage>
      <ItemPrice>33.90</ItemPrice>
      <UnitOfMeasurePrice>7.53</UnitOfMeasurePrice>
      <AllowDiscount>1</AllowDiscount>
      <ItemStatus/>
    </Item>
    <Item>
      <PriceUpdateTime>2025-12-11T08:00:31.000</PriceUpdateTime>
      <ItemCode>7290019635741</ItemCode>
      <LastSaleDateTime>2026-01-22T16:37:18.000</LastSaleDateTime>
      <ItemType>1</ItemType>
      <ItemName>החלב החדש מושלם לקפה</ItemName>
      <ManufactureName>לא ידוע</ManufactureName>
      <ManufactureCountry>לא ידוע</ManufactureCountry>
      <ManufactureItemDescription>החלב החדש מושלם לקפה</ManufactureItemDescription>
      <UnitQty>מטרים</UnitQty>
      <Quantity>750.00</Quantity>
      <UnitOfMeasure>100 מ'ל</UnitOfMeasure>
      <bIsWeighted>0</bIsWeighted>
      <QtyInPackage>לא ידוע</QtyInPackage>
      <ItemPrice>11.90</ItemPrice>
      <UnitOfMeasurePrice>0.02</UnitOfMeasurePrice>
      <AllowDiscount>1</AllowDiscount>
      <ItemStatus/>
    </Item>
    <Item>
      <PriceUpdateTime>2025-12-11T08:00:32.000</PriceUpdateTime>
      <ItemCode>7290112870919</ItemCode>
      <LastSaleDateTime>2026-01-22T15:44:27.000</LastSaleDateTime>
      <ItemType>1</ItemType>
      <ItemName>סלק ליקופן קפוא 145</ItemName>
      <ManufactureName>לא ידוע</ManufactureName>
      <ManufactureCountry>לא ידוע</ManufactureCountry>
      <ManufactureItemDescription>סלק ליקופן קפוא 145</ManufactureItemDescription>
      <UnitQty>גרם</UnitQty>
      <Quantity>145.00</Quantity>
      <UnitOfMeasure>100 גרם</UnitOfMeasure>
      <bIsWeighted>0</bIsWeighted>
      <QtyInPackage>לא ידוע</QtyInPackage>
      <ItemPrice>17.90</ItemPrice>
      <UnitOfMeasurePrice>12.34</UnitOfMeasurePrice>
      <AllowDiscount>1</AllowDiscount>
      <ItemStatus/>
    </Item>
    <Item>
      <PriceUpdateTime>2025-12-13T19:10:39.000</PriceUpdateTime>
      <ItemCode>7290000000244</ItemCode>
      <LastSaleDateTime>2026-01-29T12:38:15.000</LastSaleDateTime>
      <ItemType>1</ItemType>
      <ItemName>חצילים בלדי</ItemName>
      <ManufactureName>ביכורי השקמה</ManufactureName>
      <ManufactureCountry>לא ידוע</ManufactureCountry>
      <ManufactureItemDescription>חצילים בלדי</ManufactureItemDescription>
      <UnitQty>קילוגרם</UnitQty>
      <Quantity>1.00</Quantity>
      <UnitOfMeasure>ק"ג     </UnitOfMeasure>
      <bIsWeighted>1</bIsWeighted>
      <QtyInPackage>לא ידוע</QtyInPackage>
      <ItemPrice>8.90</ItemPrice>
      <UnitOfMeasurePrice>8.90</UnitOfMeasurePrice>
      <AllowDiscount>1</AllowDiscount>
      <ItemStatus/>
    </Item>
    <Item>
      <PriceUpdateTime>2025-12-14T13:15:28.000</PriceUpdateTime>
      <ItemCode>7290110116729</ItemCode>
      <LastSaleDateTime>2026-01-29T19:51:42.000</LastSaleDateTime>
      <ItemType>1</ItemType>
      <ItemName>פריגת סדרת הפרדס תפו</ItemName>
      <ManufactureName>לא ידוע</ManufactureName>
      <ManufactureCountry>לא ידוע</ManufactureCountry>
      <ManufactureItemDescription>פריגת סדרת הפרדס תפו</ManufactureItemDescription>
      <UnitQty>ליטר</UnitQty>
      <Quantity>1.50</Quantity>
      <UnitOfMeasure>ליטר    </UnitOfMeasure>
      <bIsWeighted>0</bIsWeighted>
      <QtyInPackage>לא ידוע</QtyInPackage>
      <ItemPrice>8.20</ItemPrice>
      <UnitOfMeasurePrice>5.47</UnitOfMeasurePrice>
      <AllowDiscount>1</AllowDiscount>
      <ItemStatus/>
    </Item>
    <Item>
      <PriceUpdateTime>2025-12-16T09:20:41.000</PriceUpdateTime>
      <ItemCode>7290112198228</ItemCode>
      <LastSaleDateTime>2026-01-22T16:07:25.000</LastSaleDateTime>
      <ItemType>1</ItemType>
      <ItemName>פרצל'ס מסובבים עם בצ</ItemName>
      <ManufactureName>לא ידוע</ManufactureName>
      <ManufactureCountry>לא ידוע</ManufactureCountry>
      <ManufactureItemDescription>פרצל'ס מסובבים עם בצ</ManufactureItemDescription>
      <UnitQty>גרם</UnitQty>
      <Quantity>200.00</Quantity>
      <UnitOfMeasure>100 גרם</UnitOfMeasure>
      <bIsWeighted>0</bIsWeighted>
      <QtyInPackage>לא ידוע</QtyInPackage>
      <ItemPrice>9.90</ItemPrice>
      <UnitOfMeasurePrice>4.95</UnitOfMeasurePrice>
      <AllowDiscount>1</AllowDiscount>
      <ItemStatus/>
    </Item>
    <Item>
      <PriceUpdateTime>2025-12-21T09:00:35.000</PriceUpdateTime>
      <ItemCode>4000417019004</ItemCode>
      <LastSaleDateTime>2026-01-22T15:27:49.000</LastSaleDateTime>
      <ItemType>1</ItemType>
      <ItemName>שוקולד חלב אגוזי לוז</ItemName>
      <ManufactureName>ריטר ספורט</ManufactureName>
      <ManufactureCountry>לא ידוע</ManufactureCountry>
      <ManufactureItemDescription>שוקולד חלב אגוזי לוז</ManufactureItemDescription>
      <UnitQty>גרם</UnitQty>
      <Quantity>100.00</Quantity>
      <UnitOfMeasure>100 גרם</UnitOfMeasure>
      <bIsWeighted>0</bIsWeighted>
      <QtyInPackage>לא ידוע</QtyInPackage>
      <ItemPrice>12.80</ItemPrice>
      <UnitOfMeasurePrice>12.80</UnitOfMeasurePrice>
      <AllowDiscount>1</AllowDiscount>
      <ItemStatus/>
    </Item>
    <Item>
      <PriceUpdateTime>2025-12-21T09:00:35.000</PriceUpdateTime>
      <ItemCode>1230000292009</ItemCode>
      <LastSaleDateTime>2026-01-22T16:59:22.000</LastSaleDateTime>
      <ItemType>1</ItemType>
      <ItemName>אוכמניות 125 גרם</ItemName>
      <ManufactureName>לא ידוע</ManufactureName>
      <ManufactureCountry>לא ידוע</ManufactureCountry>
      <ManufactureItemDescription>אוכמניות 125 גרם</ManufactureItemDescription>
      <UnitQty>גרם</UnitQty>
      <Quantity>125.00</Quantity>
      <UnitOfMeasure>100 גרם</UnitOfMeasure>
      <bIsWeighted>0</bIsWeighted>
      <QtyInPackage>לא ידוע</QtyInPackage>
      <ItemPrice>12.90</ItemPrice>
      <UnitOfMeasurePrice>10.32</UnitOfMeasurePrice>
      <AllowDiscount>1</AllowDiscount>
      <ItemStatus/>
    </Item>
    <Item>
      <PriceUpdateTime>2025-12-21T09:00:35.000</PriceUpdateTime>
      <ItemCode>7290000292009</ItemCode>
      <LastSaleDateTime>2015-01-01T00:00:00.000</LastSaleDateTime>
      <ItemType>1</ItemType>
      <ItemName>אוכמניות 125 גרם</ItemName>
      <ManufactureName>לא ידוע</ManufactureName>
      <ManufactureCountry>לא ידוע</ManufactureCountry>
      <ManufactureItemDescription>אוכמניות 125 גרם</ManufactureItemDescription>
      <UnitQty>גרם</UnitQty>
      <Quantity>125.00</Quantity>
      <UnitOfMeasure>100 גרם</UnitOfMeasure>
      <bIsWeighted>0</bIsWeighted>
      <QtyInPackage>לא ידוע</QtyInPackage>
      <ItemPrice>12.90</ItemPrice>
      <UnitOfMeasurePrice>10.32</UnitOfMeasurePrice>
      <AllowDiscount>1</AllowDiscount>
      <ItemStatus>2</ItemStatus>
    </Item>
    <Item>
      <PriceUpdateTime>2025-12-21T09:00:36.000</PriceUpdateTime>
      <ItemCode>7290013144171</ItemCode>
      <LastSaleDateTime>2026-01-22T12:33:53.000</LastSaleDateTime>
      <ItemType>1</ItemType>
      <ItemName>מיימונס תערובת עוגת</ItemName>
      <ManufactureName>מימונס</ManufactureName>
      <ManufactureCountry>ישראל</ManufactureCountry>
      <ManufactureItemDescription>תערובת עוגת שוקולד</ManufactureItemDescription>
      <UnitQty>גרם</UnitQty>
      <Quantity>425.00</Quantity>
      <UnitOfMeasure>100 גרם</UnitOfMeasure>
      <bIsWeighted>0</bIsWeighted>
      <QtyInPackage>לא ידוע</QtyInPackage>
      <ItemPrice>17.90</ItemPrice>
      <UnitOfMeasurePrice>4.21</UnitOfMeasurePrice>
      <AllowDiscount>1</AllowDiscount>
      <ItemStatus/>
    </Item>
    <Item>
      <PriceUpdateTime>2025-12-21T09:00:36.000</PriceUpdateTime>
      <ItemCode>7290013144201</ItemCode>
      <LastSaleDateTime>2026-01-29T11:08:45.000</LastSaleDateTime>
      <ItemType>1</ItemType>
      <ItemName>מיימונס תערובת פנקיי</ItemName>
      <ManufactureName>מימונס</ManufactureName>
      <ManufactureCountry>ישראל</ManufactureCountry>
      <ManufactureItemDescription>תערובת פנקייק</ManufactureItemDescription>
      <UnitQty>גרם</UnitQty>
      <Quantity>400.00</Quantity>
      <UnitOfMeasure>100 גרם</UnitOfMeasure>
      <bIsWeighted>0</bIsWeighted>
      <QtyInPackage>לא ידוע</QtyInPackage>
      <ItemPrice>17.90</ItemPrice>
      <UnitOfMeasurePrice>4.47</UnitOfMeasurePrice>
      <AllowDiscount>1</AllowDiscount>
      <ItemStatus/>
    </Item>
    <Item>
      <PriceUpdateTime>2025-12-21T09:00:37.000</PriceUpdateTime>
      <ItemCode>7290119385553</ItemCode>
      <LastSaleDateTime>2026-01-28T14:26:43.000</LastSaleDateTime>
      <ItemType>1</ItemType>
      <ItemName>אלפרו משקה סויה בריס</ItemName>
      <ManufactureName>לא ידוע</ManufactureName>
      <ManufactureCountry>לא ידוע</ManufactureCountry>
      <ManufactureItemDescription>אלפרו משקה סויה בריס</ManufactureItemDescription>
      <UnitQty>ליטר</UnitQty>
      <Quantity>1.00</Quantity>
      <UnitOfMeasure>ליטר    </UnitOfMeasure>
      <bIsWeighted>0</bIsWeighted>
      <QtyInPackage>לא ידוע</QtyInPackage>
      <ItemPrice>11.80</ItemPrice>
      <UnitOfMeasurePrice>11.80</UnitOfMeasurePrice>
      <AllowDiscount>1</AllowDiscount>
      <ItemStatus/>
    </Item>
    <Item>
      <PriceUpdateTime>2025-12-21T09:00:37.000</PriceUpdateTime>
      <ItemCode>7290119374892</ItemCode>
      <LastSaleDateTime>2026-01-22T10:33:14.000</LastSaleDateTime>
      <ItemType>1</ItemType>
      <ItemName>חומוס עם מטבוחה חריפ</ItemName>
      <ManufactureName>לא ידוע</ManufactureName>
      <ManufactureCountry>לא ידוע</ManufactureCountry>
      <ManufactureItemDescription>חומוס עם מטבוחה חריפ</ManufactureItemDescription>
      <UnitQty>גרם</UnitQty>
      <Quantity>400.00</Quantity>
      <UnitOfMeasure>100 גרם</UnitOfMeasure>
      <bIsWeighted>0</bIsWeighted>
      <QtyInPackage>לא ידוע</QtyInPackage>
      <ItemPrice>12.80</ItemPrice>
      <UnitOfMeasurePrice>3.20</UnitOfMeasurePrice>
      <AllowDiscount>1</AllowDiscount>
      <ItemStatus/>
    </Item>
    <Item>
      <PriceUpdateTime>2025-12-21T09:00:47.000</PriceUpdateTime>
      <ItemCode>9000100590693</ItemCode>
      <LastSaleDateTime>2026-01-28T17:22:03.000</LastSaleDateTime>
      <ItemType>1</ItemType>
      <ItemName>סאיוס מוס מקס הולד 2</ItemName>
      <ManufactureName>שוורצקוף</ManufactureName>
      <ManufactureCountry>לא ידוע</ManufactureCountry>
      <ManufactureItemDescription>סאיוס מוס מקס הולד 2</ManufactureItemDescription>
      <UnitQty>לא ידוע</UnitQty>
      <Quantity>250.00</Quantity>
      <UnitOfMeasure>100 מ"ל</UnitOfMeasure>
      <bIsWeighted>0</bIsWeighted>
      <QtyInPackage>לא ידוע</QtyInPackage>
      <ItemPrice>17.90</ItemPrice>
      <UnitOfMeasurePrice>0.07</UnitOfMeasurePrice>
      <AllowDiscount>1</AllowDiscount>
      <ItemStatus/>
    </Item>
    <Item>
      <PriceUpdateTime>2025-12-21T09:00:47.000</PriceUpdateTime>
      <ItemCode>5201015011981</ItemCode>
      <LastSaleDateTime>2025-12-26T00:00:00.000</LastSaleDateTime>
      <ItemType>1</ItemType>
      <ItemName>אוזו דקה מס 10 700מל</ItemName>
      <ManufactureName>לא ידוע</ManufactureName>
      <ManufactureCountry>לא ידוע</ManufactureCountry>
      <ManufactureItemDescription>אוזו דקה מס 10 700מל</ManufactureItemDescription>
      <UnitQty>לא ידוע</UnitQty>
      <Quantity>700.00</Quantity>
      <UnitOfMeasure>100 מ"ל</UnitOfMeasure>
      <bIsWeighted>0</bIsWeighted>
      <QtyInPackage>לא ידוע</QtyInPackage>
      <ItemPrice>75.90</ItemPrice>
      <UnitOfMeasurePrice>0.11</UnitOfMeasurePrice>
      <AllowDiscount>1</AllowDiscount>
      <ItemStatus/>
    </Item>
    <Item>
      <PriceUpdateTime>2025-12-21T09:00:47.000</PriceUpdateTime>
      <ItemCode>7610113000175</ItemCode>
      <LastSaleDateTime>2026-01-12T18:01:43.000</LastSaleDateTime>
      <ItemType>1</ItemType>
      <ItemName>בקרדי מוחיטו 700 מ"ל</ItemName>
      <ManufactureName>לא ידוע</ManufactureName>
      <ManufactureCountry>לא ידוע</ManufactureCountry>
      <ManufactureItemDescription>בקרדי מוחיטו 700 מ"ל</ManufactureItemDescription>
      <UnitQty>לא ידוע</UnitQty>
      <Quantity>700.00</Quantity>
      <UnitOfMeasure>100 מ"ל</UnitOfMeasure>
      <bIsWeighted>0</bIsWeighted>
      <QtyInPackage>לא ידוע</QtyInPackage>
      <ItemPrice>79.90</ItemPrice>
      <UnitOfMeasurePrice>0.11</UnitOfMeasurePrice>
      <AllowDiscount>1</AllowDiscount>
      <ItemStatus/>
    </Item>
    <Item>
      <PriceUpdateTime>2025-12-21T09:00:47.000</PriceUpdateTime>
      <ItemCode>9421012620207</ItemCode>
      <LastSaleDateTime>2026-01-22T17:32:47.000</LastSaleDateTime>
      <ItemType>1</ItemType>
      <ItemName>וודקה 42 בילואו 700</ItemName>
      <ManufactureName>לא ידוע</ManufactureName>
      <ManufactureCountry>לא ידוע</ManufactureCountry>
      <ManufactureItemDescription>וודקה 42 בילואו 700</ManufactureItemDescription>
      <UnitQty>מטרים</UnitQty>
      <Quantity>700.00</Quantity>
      <UnitOfMeasure>100 מ'ל</UnitOfMeasure>
      <bIsWeighted>0</bIsWeighted>
      <QtyInPackage>לא ידוע</QtyInPackage>
      <ItemPrice>69.90</ItemPrice>
      <UnitOfMeasurePrice>0.10</UnitOfMeasurePrice>
      <AllowDiscount>1</AllowDiscount>
      <ItemStatus/>
    </Item>
    <Item>
      <PriceUpdateTime>2025-12-21T09:00:47.000</PriceUpdateTime>
      <ItemCode>4015100813753</ItemCode>
      <LastSaleDateTime>2026-01-29T14:16:48.000</LastSaleDateTime>
      <ItemType>1</ItemType>
      <ItemName>גליס מסיכת הזנה 400</ItemName>
      <ManufactureName>לא ידוע</ManufactureName>
      <ManufactureCountry>לא ידוע</ManufactureCountry>
      <ManufactureItemDescription>גליס מסיכת הזנה 400</ManufactureItemDescription>
      <UnitQty>לא ידוע</UnitQty>
      <Quantity>400.00</Quantity>
      <UnitOfMeasure>100 מ"ל</UnitOfMeasure>
      <bIsWeighted>0</bIsWeighted>
      <QtyInPackage>לא ידוע</QtyInPackage>
      <ItemPrice>29.90</ItemPrice>
      <UnitOfMeasurePrice>0.07</UnitOfMeasurePrice>
      <AllowDiscount>1</AllowDiscount>
      <ItemStatus/>
    </Item>
    <Item>
      <PriceUpdateTime>2025-12-24T11:39:25.000</PriceUpdateTime>
      <ItemCode>3600542052788</ItemCode>
      <LastSaleDateTime>2026-01-28T17:51:44.000</LastSaleDateTime>
      <ItemType>1</ItemType>
      <ItemName>גרנייה בוטניקל חלב פ</ItemName>
      <ManufactureName>לא ידוע</ManufactureName>
      <ManufactureCountry>לא ידוע</ManufactureCountry>
      <ManufactureItemDescription>גרנייה בוטניקל חלב פ</ManufactureItemDescription>
      <UnitQty>לא ידוע</UnitQty>
      <Quantity>200.00</Quantity>
      <UnitOfMeasure>100 מ"ל</UnitOfMeasure>
      <bIsWeighted>0</bIsWeighted>
      <QtyInPackage>לא ידוע</QtyInPackage>
      <ItemPrice>24.90</ItemPrice>
      <UnitOfMeasurePrice>0.12</UnitOfMeasurePrice>
      <AllowDiscount>1</AllowDiscount>
      <ItemStatus/>
    </Item>
    <Item>
      <PriceUpdateTime>2025-12-24T11:39:25.000</PriceUpdateTime>
      <ItemCode>7290006251107</ItemCode>
      <LastSaleDateTime>2026-01-29T18:54:49.000</LastSaleDateTime>
      <ItemType>1</ItemType>
      <ItemName>תה צ'אי מסאלה ויסוצק</ItemName>
      <ManufactureName>ויסוצקי</ManufactureName>
      <ManufactureCountry>לא ידוע</ManufactureCountry>
      <ManufactureItemDescription>תה צ'אי מסאלה ויסוצק</ManufactureItemDescription>
      <UnitQty>גרם</UnitQty>
      <Quantity>50.00</Quantity>
      <UnitOfMeasure>100 גרם</UnitOfMeasure>
      <bIsWeighted>0</bIsWeighted>
      <QtyInPackage>לא ידוע</QtyInPackage>
      <ItemPrice>18.90</ItemPrice>
      <UnitOfMeasurePrice>37.80</UnitOfMeasurePrice>
      <AllowDiscount>1</AllowDiscount>
      <ItemStatus/>
    </Item>
    <Item>
      <PriceUpdateTime>2025-12-24T11:39:25.000</PriceUpdateTime>
      <ItemCode>7290018440247</ItemCode>
      <LastSaleDateTime>2026-01-22T15:54:10.000</LastSaleDateTime>
      <ItemType>1</ItemType>
      <ItemName>תה צ'אי שקדים ויסוצק</ItemName>
      <ManufactureName>לא ידוע</ManufactureName>
      <ManufactureCountry>לא ידוע</ManufactureCountry>
      <ManufactureItemDescription>תה צ'אי שקדים ויסוצק</ManufactureItemDescription>
      <UnitQty>לא ידוע</UnitQty>
      <Quantity>1.00</Quantity>
      <UnitOfMeasure>יח'</UnitOfMeasure>
      <bIsWeighted>0</bIsWeighted>
      <QtyInPackage>לא ידוע</QtyInPackage>
      <ItemPrice>18.90</ItemPrice>
      <UnitOfMeasurePrice>18.90</UnitOfMeasurePrice>
      <AllowDiscount>1</AllowDiscount>
      <ItemStatus/>
    </Item>
    <Item>
      <PriceUpdateTime>2025-12-24T11:39:25.000</PriceUpdateTime>
      <ItemCode>7290113560468</ItemCode>
      <LastSaleDateTime>2026-01-22T18:47:31.000</LastSaleDateTime>
      <ItemType>1</ItemType>
      <ItemName>פרודונטקס אקטיבי מלב</ItemName>
      <ManufactureName>לא ידוע</ManufactureName>
      <ManufactureCountry>לא ידוע</ManufactureCountry>
      <ManufactureItemDescription>פרודונטקס אקטיבי מלב</ManufactureItemDescription>
      <UnitQty>לא ידוע</UnitQty>
      <Quantity>75.00</Quantity>
      <UnitOfMeasure>100 מ"ל</UnitOfMeasure>
      <bIsWeighted>0</bIsWeighted>
      <QtyInPackage>לא ידוע</QtyInPackage>
      <ItemPrice>27.90</ItemPrice>
      <UnitOfMeasurePrice>0.37</UnitOfMeasurePrice>
      <AllowDiscount>1</AllowDiscount>
      <ItemStatus/>
    </Item>
    <Item>
      <PriceUpdateTime>2025-12-24T11:39:25.000</PriceUpdateTime>
      <ItemCode>5000267023601</ItemCode>
      <LastSaleDateTime>2015-01-01T00:00:00.000</LastSaleDateTime>
      <ItemType>1</ItemType>
      <ItemName>וויסקי בלאק לייבל 1</ItemName>
      <ManufactureName>לא ידוע</ManufactureName>
      <ManufactureCountry>לא ידוע</ManufactureCountry>
      <ManufactureItemDescription>וויסקי בלאק לייבל 1</ManufactureItemDescription>
      <UnitQty>ליטר</UnitQty>
      <Quantity>1.00</Quantity>
      <UnitOfMeasure>ליטר    </UnitOfMeasure>
      <bIsWeighted>0</bIsWeighted>
      <QtyInPackage>לא ידוע</QtyInPackage>
      <ItemPrice>139.90</ItemPrice>
      <UnitOfMeasurePrice>139.90</UnitOfMeasurePrice>
      <AllowDiscount>1</AllowDiscount>
      <ItemStatus>2</ItemStatus>
    </Item>
    <Item>
      <PriceUpdateTime>2025-12-24T11:39:25.000</PriceUpdateTime>
      <ItemCode>5000267023601</ItemCode>
      <LastSaleDateTime>2015-01-01T00:00:00.000</LastSaleDateTime>
      <ItemType>1</ItemType>
      <ItemName>וויסקי בלאק לייבל 1</ItemName>
      <ManufactureName>לא ידוע</ManufactureName>
      <ManufactureCountry>לא ידוע</ManufactureCountry>
      <ManufactureItemDescription>וויסקי בלאק לייבל 1</ManufactureItemDescription>
      <UnitQty>ליטר</UnitQty>
      <Quantity>1.00</Quantity>
      <UnitOfMeasure>ליטר    </UnitOfMeasure>
      <bIsWeighted>0</bIsWeighted>
      <QtyInPackage>לא ידוע</QtyInPackage>
      <ItemPrice>139.90</ItemPrice>
      <UnitOfMeasurePrice>139.90</UnitOfMeasurePrice>
      <AllowDiscount>1</AllowDiscount>
      <ItemStatus/>
    </Item>
    <Item>
      <PriceUpdateTime>2025-12-24T11:39:26.000</PriceUpdateTime>
      <ItemCode>7290121049757</ItemCode>
      <LastSaleDateTime>2026-01-28T17:13:07.000</LastSaleDateTime>
      <ItemType>1</ItemType>
      <ItemName>צנצנת זכוכית מעוצבת</ItemName>
      <ManufactureName>לא ידוע</ManufactureName>
      <ManufactureCountry>לא ידוע</ManufactureCountry>
      <ManufactureItemDescription>צנצנת זכוכית מעוצבת</ManufactureItemDescription>
      <UnitQty>יחידות</UnitQty>
      <Quantity>0.00</Quantity>
      <UnitOfMeasure>יחידה   </UnitOfMeasure>
      <bIsWeighted>0</bIsWeighted>
      <QtyInPackage>לא ידוע</QtyInPackage>
      <ItemPrice>17.80</ItemPrice>
      <UnitOfMeasurePrice>0.00</UnitOfMeasurePrice>
      <AllowDiscount>1</AllowDiscount>
      <ItemStatus/>
    </Item>
    <Item>
      <PriceUpdateTime>2025-12-24T11:39:43.000</PriceUpdateTime>
      <ItemCode>7290011499365</ItemCode>
      <LastSaleDateTime>2026-01-28T20:28:24.000</LastSaleDateTime>
      <ItemType>1</ItemType>
      <ItemName>גד חלומי 200 גר</ItemName>
      <ManufactureName>מחלבות גד</ManufactureName>
      <ManufactureCountry>לא ידוע</ManufactureCountry>
      <ManufactureItemDescription>גד חלומי 200 גר</ManufactureItemDescription>
      <UnitQty>גרם</UnitQty>
      <Quantity>200.00</Quantity>
      <UnitOfMeasure>100 גרם</UnitOfMeasure>
      <bIsWeighted>0</bIsWeighted>
      <QtyInPackage>לא ידוע</QtyInPackage>
      <ItemPrice>23.70</ItemPrice>
      <UnitOfMeasurePrice>11.85</UnitOfMeasurePrice>
      <AllowDiscount>1</AllowDiscount>
      <ItemStatus/>
    </Item>
    <Item>
      <PriceUpdateTime>2025-12-24T11:39:43.000</PriceUpdateTime>
      <ItemCode>7290017065786</ItemCode>
      <LastSaleDateTime>2026-01-22T18:46:04.000</LastSaleDateTime>
      <ItemType>1</ItemType>
      <ItemName>צ'דר 210 גר</ItemName>
      <ManufactureName>לא ידוע</ManufactureName>
      <ManufactureCountry>לא ידוע</ManufactureCountry>
      <ManufactureItemDescription>צ'דר 210 גר</ManufactureItemDescription>
      <UnitQty>גרם</UnitQty>
      <Quantity>210.00</Quantity>
      <UnitOfMeasure>100 גרם</UnitOfMeasure>
      <bIsWeighted>0</bIsWeighted>
      <QtyInPackage>לא ידוע</QtyInPackage>
      <ItemPrice>22.50</ItemPrice>
      <UnitOfMeasurePrice>10.71</UnitOfMeasurePrice>
      <AllowDiscount>1</AllowDiscount>
      <ItemStatus/>
    </Item>
    <Item>
      <PriceUpdateTime>2025-12-24T11:39:43.000</PriceUpdateTime>
      <ItemCode>7290002533788</ItemCode>
      <LastSaleDateTime>2026-01-29T11:08:45.000</LastSaleDateTime>
      <ItemType>1</ItemType>
      <ItemName>נשנושי פיצה מרגריטה</ItemName>
      <ManufactureName>לא ידוע</ManufactureName>
      <ManufactureCountry>לא ידוע</ManufactureCountry>
      <ManufactureItemDescription>נשנושי פיצה מרגריטה</ManufactureItemDescription>
      <UnitQty>גרם</UnitQty>
      <Quantity>620.00</Quantity>
      <UnitOfMeasure>100 גרם</UnitOfMeasure>
      <bIsWeighted>0</bIsWeighted>
      <QtyInPackage>לא ידוע</QtyInPackage>
      <ItemPrice>29.90</ItemPrice>
      <UnitOfMeasurePrice>4.82</UnitOfMeasurePrice>
      <AllowDiscount>1</AllowDiscount>
      <ItemStatus/>
    </Item>
    <Item>
      <PriceUpdateTime>2025-12-24T11:39:43.000</PriceUpdateTime>
      <ItemCode>7290002533795</ItemCode>
      <LastSaleDateTime>2026-01-29T16:58:43.000</LastSaleDateTime>
      <ItemType>1</ItemType>
      <ItemName>נשנושי פיצה עם זיתים</ItemName>
      <ManufactureName>לא ידוע</ManufactureName>
      <ManufactureCountry>לא ידוע</ManufactureCountry>
      <ManufactureItemDescription>נשנושי פיצה עם זיתים</ManufactureItemDescription>
      <UnitQty>גרם</UnitQty>
      <Quantity>660.00</Quantity>
      <UnitOfMeasure>100 גרם</UnitOfMeasure>
      <bIsWeighted>0</bIsWeighted>
      <QtyInPackage>לא ידוע</QtyInPackage>
      <ItemPrice>29.90</ItemPrice>
      <UnitOfMeasurePrice>4.53</UnitOfMeasurePrice>
      <AllowDiscount>1</AllowDiscount>
      <ItemStatus/>
    </Item>
    <Item>
      <PriceUpdateTime>2025-12-24T11:39:44.000</PriceUpdateTime>
      <ItemCode>7290018338957</ItemCode>
      <LastSaleDateTime>2026-01-29T21:01:36.000</LastSaleDateTime>
      <ItemType>1</ItemType>
      <ItemName>מחית תפוח אוכמניות ר</ItemName>
      <ManufactureName>לא ידוע</ManufactureName>
      <ManufactureCountry>לא ידוע</ManufactureCountry>
      <ManufactureItemDescription>מחית תפוח אוכמניות ר</ManufactureItemDescription>
      <UnitQty>יחידות</UnitQty>
      <Quantity>0.00</Quantity>
      <UnitOfMeasure>יחידה   </UnitOfMeasure>
      <bIsWeighted>0</bIsWeighted>
      <QtyInPackage>לא ידוע</QtyInPackage>
      <ItemPrice>5.40</ItemPrice>
      <UnitOfMeasurePrice>0.00</UnitOfMeasurePrice>
      <AllowDiscount>1</AllowDiscount>
      <ItemStatus/>
    </Item>
    <Item>
      <PriceUpdateTime>2025-12-24T11:39:44.000</PriceUpdateTime>
      <ItemCode>7290019568346</ItemCode>
      <LastSaleDateTime>2026-01-29T13:28:26.000</LastSaleDateTime>
      <ItemType>1</ItemType>
      <ItemName>סלמון אטלנטי במים 12</ItemName>
      <ManufactureName>לא ידוע</ManufactureName>
      <ManufactureCountry>לא ידוע</ManufactureCountry>
      <ManufactureItemDescription>סלמון אטלנטי במים 12</ManufactureItemDescription>
      <UnitQty>גרם</UnitQty>
      <Quantity>120.00</Quantity>
      <UnitOfMeasure>100 גרם</UnitOfMeasure>
      <bIsWeighted>0</bIsWeighted>
      <QtyInPackage>לא ידוע</QtyInPackage>
      <ItemPrice>18.90</ItemPrice>
      <UnitOfMeasurePrice>15.75</UnitOfMeasurePrice>
      <AllowDiscount>1</AllowDiscount>
      <ItemStatus/>
    </Item>
    <Item>
      <PriceUpdateTime>2025-12-24T11:39:44.000</PriceUpdateTime>
      <ItemCode>7290019568391</ItemCode>
      <LastSaleDateTime>2026-01-29T18:39:34.000</LastSaleDateTime>
      <ItemType>1</ItemType>
      <ItemName>סלמון אטלנטי בשמן 12</ItemName>
      <ManufactureName>לא ידוע</ManufactureName>
      <ManufactureCountry>לא ידוע</ManufactureCountry>
      <ManufactureItemDescription>סלמון אטלנטי בשמן 12</ManufactureItemDescription>
      <UnitQty>גרם</UnitQty>
      <Quantity>120.00</Quantity>
      <UnitOfMeasure>100 גרם</UnitOfMeasure>
      <bIsWeighted>0</bIsWeighted>
      <QtyInPackage>לא ידוע</QtyInPackage>
      <ItemPrice>18.90</ItemPrice>
      <UnitOfMeasurePrice>15.75</UnitOfMeasurePrice>
      <AllowDiscount>1</AllowDiscount>
      <ItemStatus/>
    </Item>
    <Item>
      <PriceUpdateTime>2025-12-24T11:39:44.000</PriceUpdateTime>
      <ItemCode>7290112017864</ItemCode>
      <LastSaleDateTime>2026-01-28T16:09:42.000</LastSaleDateTime>
      <ItemType>1</ItemType>
      <ItemName>שיני שום קלויות בשמן</ItemName>
      <ManufactureName>לא ידוע</ManufactureName>
      <ManufactureCountry>לא ידוע</ManufactureCountry>
      <ManufactureItemDescription>שיני שום קלויות בשמן</ManufactureItemDescription>
      <UnitQty>גרם</UnitQty>
      <Quantity>165.00</Quantity>
      <UnitOfMeasure>100 גרם</UnitOfMeasure>
      <bIsWeighted>0</bIsWeighted>
      <QtyInPackage>לא ידוע</QtyInPackage>
      <ItemPrice>21.90</ItemPrice>
      <UnitOfMeasurePrice>13.27</UnitOfMeasurePrice>
      <AllowDiscount>1</AllowDiscount>
      <ItemStatus/>
    </Item>
    <Item>
      <PriceUpdateTime>2025-12-25T07:44:22.000</PriceUpdateTime>
      <ItemCode>7290011240318</ItemCode>
      <LastSaleDateTime>2015-01-01T00:00:00.000</LastSaleDateTime>
      <ItemType>1</ItemType>
      <ItemName>שאטו דה למר קברנה סו</ItemName>
      <ManufactureName>יקבי ציון</ManufactureName>
      <ManufactureCountry>ישראל</ManufactureCountry>
      <ManufactureItemDescription>שאטו דה למר קברנה סו</ManufactureItemDescription>
      <UnitQty>לא ידוע</UnitQty>
      <Quantity>750.00</Quantity>
      <UnitOfMeasure>100 מ"ל</UnitOfMeasure>
      <bIsWeighted>0</bIsWeighted>
      <QtyInPackage>לא ידוע</QtyInPackage>
      <ItemPrice>18.90</ItemPrice>
      <UnitOfMeasurePrice>0.03</UnitOfMeasurePrice>
      <AllowDiscount>1</AllowDiscount>
      <ItemStatus>2</ItemStatus>
    </Item>
    <Item>
      <PriceUpdateTime>2025-12-25T07:44:22.000</PriceUpdateTime>
      <ItemCode>7290011240318</ItemCode>
      <LastSaleDateTime>2015-01-01T00:00:00.000</LastSaleDateTime>
      <ItemType>1</ItemType>
      <ItemName>שאטו דה למר קברנה סו</ItemName>
      <ManufactureName>יקבי ציון</ManufactureName>
      <ManufactureCountry>ישראל</ManufactureCountry>
      <ManufactureItemDescription>שאטו דה למר קברנה סו</ManufactureItemDescription>
      <UnitQty>לא ידוע</UnitQty>
      <Quantity>750.00</Quantity>
      <UnitOfMeasure>100 מ"ל</UnitOfMeasure>
      <bIsWeighted>0</bIsWeighted>
      <QtyInPackage>לא ידוע</QtyInPackage>
      <ItemPrice>18.90</ItemPrice>
      <UnitOfMeasurePrice>0.03</UnitOfMeasurePrice>
      <AllowDiscount>1</AllowDiscount>
      <ItemStatus/>
    </Item>
    <Item>
      <PriceUpdateTime>2025-12-25T07:44:22.000</PriceUpdateTime>
      <ItemCode>7290011240608</ItemCode>
      <LastSaleDateTime>2015-01-01T00:00:00.000</LastSaleDateTime>
      <ItemType>1</ItemType>
      <ItemName>יין שאטו דה למר 750</ItemName>
      <ManufactureName>יקבי ציון</ManufactureName>
      <ManufactureCountry>ישראל</ManufactureCountry>
      <ManufactureItemDescription>יין שאטו דה למר 750</ManufactureItemDescription>
      <UnitQty>לא ידוע</UnitQty>
      <Quantity>750.00</Quantity>
      <UnitOfMeasure>100 מ"ל</UnitOfMeasure>
      <bIsWeighted>0</bIsWeighted>
      <QtyInPackage>לא ידוע</QtyInPackage>
      <ItemPrice>18.90</ItemPrice>
      <UnitOfMeasurePrice>0.03</UnitOfMeasurePrice>
      <AllowDiscount>1</AllowDiscount>
      <ItemStatus>2</ItemStatus>
    </Item>
    <Item>
      <PriceUpdateTime>2025-12-25T07:44:22.000</PriceUpdateTime>
      <ItemCode>7290011240608</ItemCode>
      <LastSaleDateTime>2015-01-01T00:00:00.000</LastSaleDateTime>
      <ItemType>1</ItemType>
      <ItemName>יין שאטו דה למר 750</ItemName>
      <ManufactureName>יקבי ציון</ManufactureName>
      <ManufactureCountry>ישראל</ManufactureCountry>
      <ManufactureItemDescription>יין שאטו דה למר 750</ManufactureItemDescription>
      <UnitQty>לא ידוע</UnitQty>
      <Quantity>750.00</Quantity>
      <UnitOfMeasure>100 מ"ל</UnitOfMeasure>
      <bIsWeighted>0</bIsWeighted>
      <QtyInPackage>לא ידוע</QtyInPackage>
      <ItemPrice>18.90</ItemPrice>
      <UnitOfMeasurePrice>0.03</UnitOfMeasurePrice>
      <AllowDiscount>1</AllowDiscount>
      <ItemStatus/>
    </Item>
    <Item>
      <PriceUpdateTime>2025-12-25T07:44:22.000</PriceUpdateTime>
      <ItemCode>7290011240837</ItemCode>
      <LastSaleDateTime>2015-01-01T00:00:00.000</LastSaleDateTime>
      <ItemType>1</ItemType>
      <ItemName>יין שאטו דה למר מרלו</ItemName>
      <ManufactureName>יקבי ציון</ManufactureName>
      <ManufactureCountry>ישראל</ManufactureCountry>
      <ManufactureItemDescription>יין שאטו דה למר מרלו</ManufactureItemDescription>
      <UnitQty>לא ידוע</UnitQty>
      <Quantity>750.00</Quantity>
      <UnitOfMeasure>100 מ"ל</UnitOfMeasure>
      <bIsWeighted>0</bIsWeighted>
      <QtyInPackage>לא ידוע</QtyInPackage>
      <ItemPrice>18.90</ItemPrice>
      <UnitOfMeasurePrice>0.03</UnitOfMeasurePrice>
      <AllowDiscount>1</AllowDiscount>
      <ItemStatus>2</ItemStatus>
    </Item>
    <Item>
      <PriceUpdateTime>2025-12-25T07:44:22.000</PriceUpdateTime>
      <ItemCode>7290011240837</ItemCode>
      <LastSaleDateTime>2015-01-01T00:00:00.000</LastSaleDateTime>
      <ItemType>1</ItemType>
      <ItemName>יין שאטו דה למר מרלו</ItemName>
      <ManufactureName>יקבי ציון</ManufactureName>
      <ManufactureCountry>ישראל</ManufactureCountry>
      <ManufactureItemDescription>יין שאטו דה למר מרלו</ManufactureItemDescription>
      <UnitQty>לא ידוע</UnitQty>
      <Quantity>750.00</Quantity>
      <UnitOfMeasure>100 מ"ל</UnitOfMeasure>
      <bIsWeighted>0</bIsWeighted>
      <QtyInPackage>לא ידוע</QtyInPackage>
      <ItemPrice>18.90</ItemPrice>
      <UnitOfMeasurePrice>0.03</UnitOfMeasurePrice>
      <AllowDiscount>1</AllowDiscount>
      <ItemStatus/>
    </Item>
    <Item>
      <PriceUpdateTime>2025-12-28T07:56:35.000</PriceUpdateTime>
      <ItemCode>7290015781268</ItemCode>
      <LastSaleDateTime>2015-01-01T00:00:00.000</LastSaleDateTime>
      <ItemType>1</ItemType>
      <ItemName>יין אדום מוסקטו</ItemName>
      <ManufactureName>טפרברג</ManufactureName>
      <ManufactureCountry>לא ידוע</ManufactureCountry>
      <ManufactureItemDescription>יין אדום מוסקטו</ManufactureItemDescription>
      <UnitQty>לא ידוע</UnitQty>
      <Quantity>750.00</Quantity>
      <UnitOfMeasure>100 מ"ל</UnitOfMeasure>
      <bIsWeighted>0</bIsWeighted>
      <QtyInPackage>לא ידוע</QtyInPackage>
      <ItemPrice>44.90</ItemPrice>
      <UnitOfMeasurePrice>0.06</UnitOfMeasurePrice>
      <AllowDiscount>1</AllowDiscount>
      <ItemStatus>2</ItemStatus>
    </Item>
    <Item>
      <PriceUpdateTime>2025-12-28T07:56:35.000</PriceUpdateTime>
      <ItemCode>7290015781268</ItemCode>
      <LastSaleDateTime>2015-01-01T00:00:00.000</LastSaleDateTime>
      <ItemType>1</ItemType>
      <ItemName>יין אדום מוסקטו</ItemName>
      <ManufactureName>טפרברג</ManufactureName>
      <ManufactureCountry>לא ידוע</ManufactureCountry>
      <ManufactureItemDescription>יין אדום מוסקטו</ManufactureItemDescription>
      <UnitQty>לא ידוע</UnitQty>
      <Quantity>750.00</Quantity>
      <UnitOfMeasure>100 מ"ל</UnitOfMeasure>
      <bIsWeighted>0</bIsWeighted>
      <QtyInPackage>לא ידוע</QtyInPackage>
      <ItemPrice>44.90</ItemPrice>
      <UnitOfMeasurePrice>0.06</UnitOfMeasurePrice>
      <AllowDiscount>1</AllowDiscount>
      <ItemStatus/>
    </Item>
    <Item>
      <PriceUpdateTime>2025-12-28T07:56:35.000</PriceUpdateTime>
      <ItemCode>7290015781275</ItemCode>
      <LastSaleDateTime>2025-08-28T00:00:00.000</LastSaleDateTime>
      <ItemType>1</ItemType>
      <ItemName>יין לבן מוסקטו</ItemName>
      <ManufactureName>טפרברג</ManufactureName>
      <ManufactureCountry>לא ידוע</ManufactureCountry>
      <ManufactureItemDescription>יין לבן מוסקטו</ManufactureItemDescription>
      <UnitQty>לא ידוע</UnitQty>
      <Quantity>750.00</Quantity>
      <UnitOfMeasure>100 מ"ל</UnitOfMeasure>
      <bIsWeighted>0</bIsWeighted>
      <QtyInPackage>לא ידוע</QtyInPackage>
      <ItemPrice>44.90</ItemPrice>
      <UnitOfMeasurePrice>0.06</UnitOfMeasurePrice>
      <AllowDiscount>1</AllowDiscount>
      <ItemStatus>2</ItemStatus>
    </Item>
    <Item>
      <PriceUpdateTime>2025-12-28T07:56:35.000</PriceUpdateTime>
      <ItemCode>7290015781275</ItemCode>
      <LastSaleDateTime>2025-08-28T00:00:00.000</LastSaleDateTime>
      <ItemType>1</ItemType>
      <ItemName>יין לבן מוסקטו</ItemName>
      <ManufactureName>טפרברג</ManufactureName>
      <ManufactureCountry>לא ידוע</ManufactureCountry>
      <ManufactureItemDescription>יין לבן מוסקטו</ManufactureItemDescription>
      <UnitQty>לא ידוע</UnitQty>
      <Quantity>750.00</Quantity>
      <UnitOfMeasure>100 מ"ל</UnitOfMeasure>
      <bIsWeighted>0</bIsWeighted>
      <QtyInPackage>לא ידוע</QtyInPackage>
      <ItemPrice>44.90</ItemPrice>
      <UnitOfMeasurePrice>0.06</UnitOfMeasurePrice>
      <AllowDiscount>1</AllowDiscount>
      <ItemStatus/>
    </Item>
    <Item>
      <PriceUpdateTime>2025-12-28T07:56:35.000</PriceUpdateTime>
      <ItemCode>7290002651116</ItemCode>
      <LastSaleDateTime>2026-01-22T15:44:27.000</LastSaleDateTime>
      <ItemType>1</ItemType>
      <ItemName>ג'חנון חמסי 1 ק"ג</ItemName>
      <ManufactureName>חמסי</ManufactureName>
      <ManufactureCountry>לא ידוע</ManufactureCountry>
      <ManufactureItemDescription>ג'חנון חמסי 1 ק"ג</ManufactureItemDescription>
      <UnitQty>לא ידוע</UnitQty>
      <Quantity>1.00</Quantity>
      <UnitOfMeasure>יח'</UnitOfMeasure>
      <bIsWeighted>0</bIsWeighted>
      <QtyInPackage>לא ידוע</QtyInPackage>
      <ItemPrice>19.90</ItemPrice>
      <UnitOfMeasurePrice>19.90</UnitOfMeasurePrice>
      <AllowDiscount>1</AllowDiscount>
      <ItemStatus/>
    </Item>
    <Item>
      <PriceUpdateTime>2025-12-28T07:56:35.000</PriceUpdateTime>
      <ItemCode>7290005041198</ItemCode>
      <LastSaleDateTime>2026-01-28T18:53:23.000</LastSaleDateTime>
      <ItemType>1</ItemType>
      <ItemName>קבב ביתי 1 ק"ג מעדני</ItemName>
      <ManufactureName>לא ידוע</ManufactureName>
      <ManufactureCountry>לא ידוע</ManufactureCountry>
      <ManufactureItemDescription>קבב ביתי 1 ק"ג מעדני</ManufactureItemDescription>
      <UnitQty>לא ידוע</UnitQty>
      <Quantity>1.00</Quantity>
      <UnitOfMeasure>יח'</UnitOfMeasure>
      <bIsWeighted>0</bIsWeighted>
      <QtyInPackage>לא ידוע</QtyInPackage>
      <ItemPrice>59.90</ItemPrice>
      <UnitOfMeasurePrice>59.90</UnitOfMeasurePrice>
      <AllowDiscount>1</AllowDiscount>
      <ItemStatus/>
    </Item>
    <Item>
      <PriceUpdateTime>2025-12-31T08:48:46.000</PriceUpdateTime>
      <ItemCode>7290008909761</ItemCode>
      <LastSaleDateTime>2026-01-29T17:22:42.000</LastSaleDateTime>
      <ItemType>1</ItemType>
      <ItemName>בירה לאגר קרלסברג בק</ItemName>
      <ManufactureName>החברה המרכזית</ManufactureName>
      <ManufactureCountry>לא ידוע</ManufactureCountry>
      <ManufactureItemDescription>בירה לאגר קרלסברג בק</ManufactureItemDescription>
      <UnitQty>לא ידוע</UnitQty>
      <Quantity>330.00</Quantity>
      <UnitOfMeasure>100 מ"ל</UnitOfMeasure>
      <bIsWeighted>0</bIsWeighted>
      <QtyInPackage>לא ידוע</QtyInPackage>
      <ItemPrice>7.80</ItemPrice>
      <UnitOfMeasurePrice>0.02</UnitOfMeasurePrice>
      <AllowDiscount>1</AllowDiscount>
      <ItemStatus/>
    </Item>
    <Item>
      <PriceUpdateTime>2026-01-01T10:22:12.000</PriceUpdateTime>
      <ItemCode>10237685</ItemCode>
      <LastSaleDateTime>2015-01-01T00:00:00.000</LastSaleDateTime>
      <ItemType>1</ItemType>
      <ItemName>היינקן ח"פ 330 בקבוק</ItemName>
      <ManufactureName>טמפו</ManufactureName>
      <ManufactureCountry>ישראל</ManufactureCountry>
      <ManufactureItemDescription>היינקן ח"פ 330 בקבוק 24 י</ManufactureItemDescription>
      <UnitQty>יחידות</UnitQty>
      <Quantity>330.00</Quantity>
      <UnitOfMeasure>יחידה   </UnitOfMeasure>
      <bIsWeighted>0</bIsWeighted>
      <QtyInPackage>לא ידוע</QtyInPackage>
      <ItemPrice>8.90</ItemPrice>
      <UnitOfMeasurePrice>0.03</UnitOfMeasurePrice>
      <AllowDiscount>1</AllowDiscount>
      <ItemStatus>2</ItemStatus>
    </Item>
    <Item>
      <PriceUpdateTime>2026-01-01T10:22:12.000</PriceUpdateTime>
      <ItemCode>10237685</ItemCode>
      <LastSaleDateTime>2015-01-01T00:00:00.000</LastSaleDateTime>
      <ItemType>1</ItemType>
      <ItemName>היינקן ח"פ 330 בקבוק</ItemName>
      <ManufactureName>טמפו</ManufactureName>
      <ManufactureCountry>ישראל</ManufactureCountry>
      <ManufactureItemDescription>היינקן ח"פ 330 בקבוק 24 י</ManufactureItemDescription>
      <UnitQty>יחידות</UnitQty>
      <Quantity>330.00</Quantity>
      <UnitOfMeasure>יחידה   </UnitOfMeasure>
      <bIsWeighted>0</bIsWeighted>
      <QtyInPackage>לא ידוע</QtyInPackage>
      <ItemPrice>8.90</ItemPrice>
      <UnitOfMeasurePrice>0.03</UnitOfMeasurePrice>
      <AllowDiscount>1</AllowDiscount>
      <ItemStatus/>
    </Item>
    <Item>
      <PriceUpdateTime>2026-01-01T10:22:13.000</PriceUpdateTime>
      <ItemCode>7290119671205</ItemCode>
      <LastSaleDateTime>2015-01-01T00:00:00.000</LastSaleDateTime>
      <ItemType>1</ItemType>
      <ItemName>דבש 1 ק"ג</ItemName>
      <ManufactureName>לא ידוע</ManufactureName>
      <ManufactureCountry>לא ידוע</ManufactureCountry>
      <ManufactureItemDescription>דבש 1 ק"ג</ManufactureItemDescription>
      <UnitQty>קילוגרם</UnitQty>
      <Quantity>1.00</Quantity>
      <UnitOfMeasure>ק"ג     </UnitOfMeasure>
      <bIsWeighted>0</bIsWeighted>
      <QtyInPackage>לא ידוע</QtyInPackage>
      <ItemPrice>19.90</ItemPrice>
      <UnitOfMeasurePrice>19.90</UnitOfMeasurePrice>
      <AllowDiscount>1</AllowDiscount>
      <ItemStatus>2</ItemStatus>
    </Item>
    <Item>
      <PriceUpdateTime>2026-01-01T10:22:13.000</PriceUpdateTime>
      <ItemCode>7290110118334</ItemCode>
      <LastSaleDateTime>2026-01-20T16:33:50.000</LastSaleDateTime>
      <ItemType>1</ItemType>
      <ItemName>בירה קרלסברג 330 מ"ל</ItemName>
      <ManufactureName>לא ידוע</ManufactureName>
      <ManufactureCountry>לא ידוע</ManufactureCountry>
      <ManufactureItemDescription>בירה קרלסברג 330 מ"ל</ManufactureItemDescription>
      <UnitQty>לא ידוע</UnitQty>
      <Quantity>1320.00</Quantity>
      <UnitOfMeasure>100 מ"ל</UnitOfMeasure>
      <bIsWeighted>0</bIsWeighted>
      <QtyInPackage>לא ידוע</QtyInPackage>
      <ItemPrice>34.90</ItemPrice>
      <UnitOfMeasurePrice>0.03</UnitOfMeasurePrice>
      <AllowDiscount>1</AllowDiscount>
      <ItemStatus/>
    </Item>
    <Item>
      <PriceUpdateTime>2026-01-04T08:03:55.000</PriceUpdateTime>
      <ItemCode>7290014466609</ItemCode>
      <LastSaleDateTime>2025-12-02T00:00:00.000</LastSaleDateTime>
      <ItemType>1</ItemType>
      <ItemName>גמלא מרלו 750 מ"ל</ItemName>
      <ManufactureName>יקב רמת הגולן</ManufactureName>
      <ManufactureCountry>לא ידוע</ManufactureCountry>
      <ManufactureItemDescription>גמלא מרלו 750 מ"ל</ManufactureItemDescription>
      <UnitQty>לא ידוע</UnitQty>
      <Quantity>750.00</Quantity>
      <UnitOfMeasure>100 מ"ל</UnitOfMeasure>
      <bIsWeighted>0</bIsWeighted>
      <QtyInPackage>לא ידוע</QtyInPackage>
      <ItemPrice>49.90</ItemPrice>
      <UnitOfMeasurePrice>0.07</UnitOfMeasurePrice>
      <AllowDiscount>1</AllowDiscount>
      <ItemStatus/>
    </Item>
    <Item>
      <PriceUpdateTime>2026-01-04T15:41:34.000</PriceUpdateTime>
      <ItemCode>4820229031281</ItemCode>
      <LastSaleDateTime>2015-01-01T00:00:00.000</LastSaleDateTime>
      <ItemType>1</ItemType>
      <ItemName>וודקה חורטיצה קלאסיק</ItemName>
      <ManufactureName>לא ידוע</ManufactureName>
      <ManufactureCountry>לא ידוע</ManufactureCountry>
      <ManufactureItemDescription>וודקה חורטיצה קלאסיק</ManufactureItemDescription>
      <UnitQty>לא ידוע</UnitQty>
      <Quantity>700.00</Quantity>
      <UnitOfMeasure>100 מ"ל</UnitOfMeasure>
      <bIsWeighted>0</bIsWeighted>
      <QtyInPackage>לא ידוע</QtyInPackage>
      <ItemPrice>59.90</ItemPrice>
      <UnitOfMeasurePrice>0.09</UnitOfMeasurePrice>
      <AllowDiscount>1</AllowDiscount>
      <ItemStatus>2</ItemStatus>
    </Item>
    <Item>
      <PriceUpdateTime>2026-01-04T15:41:34.000</PriceUpdateTime>
      <ItemCode>4820229031281</ItemCode>
      <LastSaleDateTime>2015-01-01T00:00:00.000</LastSaleDateTime>
      <ItemType>1</ItemType>
      <ItemName>וודקה חורטיצה קלאסיק</ItemName>
      <ManufactureName>לא ידוע</ManufactureName>
      <ManufactureCountry>לא ידוע</ManufactureCountry>
      <ManufactureItemDescription>וודקה חורטיצה קלאסיק</ManufactureItemDescription>
      <UnitQty>לא ידוע</UnitQty>
      <Quantity>700.00</Quantity>
      <UnitOfMeasure>100 מ"ל</UnitOfMeasure>
      <bIsWeighted>0</bIsWeighted>
      <QtyInPackage>לא ידוע</QtyInPackage>
      <ItemPrice>59.90</ItemPrice>
      <UnitOfMeasurePrice>0.09</UnitOfMeasurePrice>
      <AllowDiscount>1</AllowDiscount>
      <ItemStatus/>
    </Item>
    <Item>
      <PriceUpdateTime>2026-01-04T15:41:34.000</PriceUpdateTime>
      <ItemCode>4820229031311</ItemCode>
      <LastSaleDateTime>2015-01-01T00:00:00.000</LastSaleDateTime>
      <ItemType>1</ItemType>
      <ItemName>חורטיצה פלטינום 700</ItemName>
      <ManufactureName>לא ידוע</ManufactureName>
      <ManufactureCountry>לא ידוע</ManufactureCountry>
      <ManufactureItemDescription>חורטיצה פלטינום 700</ManufactureItemDescription>
      <UnitQty>לא ידוע</UnitQty>
      <Quantity>700.00</Quantity>
      <UnitOfMeasure>100 מ"ל</UnitOfMeasure>
      <bIsWeighted>0</bIsWeighted>
      <QtyInPackage>לא ידוע</QtyInPackage>
      <ItemPrice>59.90</ItemPrice>
      <UnitOfMeasurePrice>0.09</UnitOfMeasurePrice>
      <AllowDiscount>1</AllowDiscount>
      <ItemStatus>2</ItemStatus>
    </Item>
    <Item>
      <PriceUpdateTime>2026-01-04T15:41:34.000</PriceUpdateTime>
      <ItemCode>4820229031311</ItemCode>
      <LastSaleDateTime>2015-01-01T00:00:00.000</LastSaleDateTime>
      <ItemType>1</ItemType>
      <ItemName>חורטיצה פלטינום 700</ItemName>
      <ManufactureName>לא ידוע</ManufactureName>
      <ManufactureCountry>לא ידוע</ManufactureCountry>
      <ManufactureItemDescription>חורטיצה פלטינום 700</ManufactureItemDescription>
      <UnitQty>לא ידוע</UnitQty>
      <Quantity>700.00</Quantity>
      <UnitOfMeasure>100 מ"ל</UnitOfMeasure>
      <bIsWeighted>0</bIsWeighted>
      <QtyInPackage>לא ידוע</QtyInPackage>
      <ItemPrice>59.90</ItemPrice>
      <UnitOfMeasurePrice>0.09</UnitOfMeasurePrice>
      <AllowDiscount>1</AllowDiscount>
      <ItemStatus/>
    </Item>
    <Item>
      <PriceUpdateTime>2026-01-04T15:41:34.000</PriceUpdateTime>
      <ItemCode>7290118428855</ItemCode>
      <LastSaleDateTime>2026-01-22T19:34:05.000</LastSaleDateTime>
      <ItemType>1</ItemType>
      <ItemName>חטיפי כרובית 400 גרם</ItemName>
      <ManufactureName>לא ידוע</ManufactureName>
      <ManufactureCountry>לא ידוע</ManufactureCountry>
      <ManufactureItemDescription>חטיפי כרובית 400 גרם</ManufactureItemDescription>
      <UnitQty>גרם</UnitQty>
      <Quantity>400.00</Quantity>
      <UnitOfMeasure>100 גרם</UnitOfMeasure>
      <bIsWeighted>0</bIsWeighted>
      <QtyInPackage>לא ידוע</QtyInPackage>
      <ItemPrice>24.90</ItemPrice>
      <UnitOfMeasurePrice>6.22</UnitOfMeasurePrice>
      <AllowDiscount>1</AllowDiscount>
      <ItemStatus/>
    </Item>
    <Item>
      <PriceUpdateTime>2026-01-04T15:41:34.000</PriceUpdateTime>
      <ItemCode>5010327399614</ItemCode>
      <LastSaleDateTime>2026-01-29T10:04:49.000</LastSaleDateTime>
      <ItemType>1</ItemType>
      <ItemName>ווסקי גלנפידיך 12 70</ItemName>
      <ManufactureName>לא ידוע</ManufactureName>
      <ManufactureCountry>לא ידוע</ManufactureCountry>
      <ManufactureItemDescription>ווסקי גלנפידיך 12 70</ManufactureItemDescription>
      <UnitQty>לא ידוע</UnitQty>
      <Quantity>700.00</Quantity>
      <UnitOfMeasure>100 מ"ל</UnitOfMeasure>
      <bIsWeighted>0</bIsWeighted>
      <QtyInPackage>לא ידוע</QtyInPackage>
      <ItemPrice>159.90</ItemPrice>
      <UnitOfMeasurePrice>0.23</UnitOfMeasurePrice>
      <AllowDiscount>1</AllowDiscount>
      <ItemStatus/>
    </Item>
    <Item>
      <PriceUpdateTime>2026-01-05T08:10:35.000</PriceUpdateTime>
      <ItemCode>7290008464130</ItemCode>
      <LastSaleDateTime>2026-01-22T20:03:45.000</LastSaleDateTime>
      <ItemType>1</ItemType>
      <ItemName>בירה גולדסטאר לא מסו</ItemName>
      <ManufactureName>טמפו</ManufactureName>
      <ManufactureCountry>ישראל</ManufactureCountry>
      <ManufactureItemDescription>גולדסטאר לא מסונן ח"פ 330</ManufactureItemDescription>
      <UnitQty>ליטר</UnitQty>
      <Quantity>1.98</Quantity>
      <UnitOfMeasure>ליטר    </UnitOfMeasure>
      <bIsWeighted>0</bIsWeighted>
      <QtyInPackage>לא ידוע</QtyInPackage>
      <ItemPrice>37.90</ItemPrice>
      <UnitOfMeasurePrice>19.14</UnitOfMeasurePrice>
      <AllowDiscount>1</AllowDiscount>
      <ItemStatus/>
    </Item>
    <Item>
      <PriceUpdateTime>2026-01-05T08:10:52.000</PriceUpdateTime>
      <ItemCode>7290005896453</ItemCode>
      <LastSaleDateTime>2025-09-02T00:00:00.000</LastSaleDateTime>
      <ItemType>1</ItemType>
      <ItemName>בירה מכבי 7.9% 500 מ</ItemName>
      <ManufactureName>טמפו</ManufactureName>
      <ManufactureCountry>ישראל</ManufactureCountry>
      <ManufactureItemDescription>גולדסטאר חוזר 500 בקבוק 2</ManufactureItemDescription>
      <UnitQty>לא ידוע</UnitQty>
      <Quantity>500.00</Quantity>
      <UnitOfMeasure>100 מ"ל</UnitOfMeasure>
      <bIsWeighted>0</bIsWeighted>
      <QtyInPackage>לא ידוע</QtyInPackage>
      <ItemPrice>7.50</ItemPrice>
      <UnitOfMeasurePrice>0.02</UnitOfMeasurePrice>
      <AllowDiscount>1</AllowDiscount>
      <ItemStatus>2</ItemStatus>
    </Item>
    <Item>
      <PriceUpdateTime>2026-01-05T08:10:52.000</PriceUpdateTime>
      <ItemCode>7290005896453</ItemCode>
      <LastSaleDateTime>2025-09-02T00:00:00.000</LastSaleDateTime>
      <ItemType>1</ItemType>
      <ItemName>בירה מכבי 7.9% 500 מ</ItemName>
      <ManufactureName>טמפו</ManufactureName>
      <ManufactureCountry>ישראל</ManufactureCountry>
      <ManufactureItemDescription>גולדסטאר חוזר 500 בקבוק 2</ManufactureItemDescription>
      <UnitQty>לא ידוע</UnitQty>
      <Quantity>500.00</Quantity>
      <UnitOfMeasure>100 מ"ל</UnitOfMeasure>
      <bIsWeighted>0</bIsWeighted>
      <QtyInPackage>לא ידוע</QtyInPackage>
      <ItemPrice>7.50</ItemPrice>
      <UnitOfMeasurePrice>0.02</UnitOfMeasurePrice>
      <AllowDiscount>1</AllowDiscount>
      <ItemStatus/>
    </Item>
    <Item>
      <PriceUpdateTime>2026-01-05T08:10:53.000</PriceUpdateTime>
      <ItemCode>7290013608260</ItemCode>
      <LastSaleDateTime>2026-01-29T14:31:16.000</LastSaleDateTime>
      <ItemType>1</ItemType>
      <ItemName>מיץ רימונים סחוט פרי</ItemName>
      <ManufactureName>פרימור</ManufactureName>
      <ManufactureCountry>לא ידוע</ManufactureCountry>
      <ManufactureItemDescription>מיץ רימונים סחוט פרי</ManufactureItemDescription>
      <UnitQty>ליטר</UnitQty>
      <Quantity>1.00</Quantity>
      <UnitOfMeasure>ליטר    </UnitOfMeasure>
      <bIsWeighted>0</bIsWeighted>
      <QtyInPackage>לא ידוע</QtyInPackage>
      <ItemPrice>22.80</ItemPrice>
      <UnitOfMeasurePrice>22.80</UnitOfMeasurePrice>
      <AllowDiscount>1</AllowDiscount>
      <ItemStatus/>
    </Item>
    <Item>
      <PriceUpdateTime>2026-01-05T08:10:53.000</PriceUpdateTime>
      <ItemCode>7290018925072</ItemCode>
      <LastSaleDateTime>2026-01-28T13:49:03.000</LastSaleDateTime>
      <ItemType>1</ItemType>
      <ItemName>מיץ לימונענע פרימור</ItemName>
      <ManufactureName>לא ידוע</ManufactureName>
      <ManufactureCountry>לא ידוע</ManufactureCountry>
      <ManufactureItemDescription>מיץ לימונענע פרימור</ManufactureItemDescription>
      <UnitQty>ליטר</UnitQty>
      <Quantity>2.00</Quantity>
      <UnitOfMeasure>ליטר    </UnitOfMeasure>
      <bIsWeighted>0</bIsWeighted>
      <QtyInPackage>לא ידוע</QtyInPackage>
      <ItemPrice>24.90</ItemPrice>
      <UnitOfMeasurePrice>12.45</UnitOfMeasurePrice>
      <AllowDiscount>1</AllowDiscount>
      <ItemStatus/>
    </Item>
    <Item>
      <PriceUpdateTime>2026-01-05T08:10:53.000</PriceUpdateTime>
      <ItemCode>7290019790402</ItemCode>
      <LastSaleDateTime>2026-01-28T17:20:45.000</LastSaleDateTime>
      <ItemType>1</ItemType>
      <ItemName>בולגרית 16% שומרון 2</ItemName>
      <ManufactureName>לא ידוע</ManufactureName>
      <ManufactureCountry>לא ידוע</ManufactureCountry>
      <ManufactureItemDescription>בולגרית 16% שומרון 2</ManufactureItemDescription>
      <UnitQty>גרם</UnitQty>
      <Quantity>250.00</Quantity>
      <UnitOfMeasure>100 גרם</UnitOfMeasure>
      <bIsWeighted>0</bIsWeighted>
      <QtyInPackage>לא ידוע</QtyInPackage>
      <ItemPrice>20.90</ItemPrice>
      <UnitOfMeasurePrice>8.36</UnitOfMeasurePrice>
      <AllowDiscount>1</AllowDiscount>
      <ItemStatus/>
    </Item>
    <Item>
      <PriceUpdateTime>2026-01-05T11:32:45.000</PriceUpdateTime>
      <ItemCode>5010677714006</ItemCode>
      <LastSaleDateTime>2026-01-28T14:26:43.000</LastSaleDateTime>
      <ItemType>1</ItemType>
      <ItemName>בומביי ספייר 700 מל</ItemName>
      <ManufactureName>לא ידוע</ManufactureName>
      <ManufactureCountry>לא ידוע</ManufactureCountry>
      <ManufactureItemDescription>בומביי ספייר 700 מל</ManufactureItemDescription>
      <UnitQty>לא ידוע</UnitQty>
      <Quantity>1.00</Quantity>
      <UnitOfMeasure>יח'</UnitOfMeasure>
      <bIsWeighted>0</bIsWeighted>
      <QtyInPackage>לא ידוע</QtyInPackage>
      <ItemPrice>114.90</ItemPrice>
      <UnitOfMeasurePrice>114.90</UnitOfMeasurePrice>
      <AllowDiscount>1</AllowDiscount>
      <ItemStatus/>
    </Item>
    <Item>
      <PriceUpdateTime>2026-01-06T08:24:45.000</PriceUpdateTime>
      <ItemCode>7290112497864</ItemCode>
      <LastSaleDateTime>2026-01-29T14:57:32.000</LastSaleDateTime>
      <ItemType>1</ItemType>
      <ItemName>מרק טעם עוף 33% פחות</ItemName>
      <ManufactureName>לא ידוע</ManufactureName>
      <ManufactureCountry>לא ידוע</ManufactureCountry>
      <ManufactureItemDescription>מרק טעם עוף 33% פחות</ManufactureItemDescription>
      <UnitQty>גרם</UnitQty>
      <Quantity>400.00</Quantity>
      <UnitOfMeasure>100 גרם</UnitOfMeasure>
      <bIsWeighted>0</bIsWeighted>
      <QtyInPackage>לא ידוע</QtyInPackage>
      <ItemPrice>22.90</ItemPrice>
      <UnitOfMeasurePrice>5.72</UnitOfMeasurePrice>
      <AllowDiscount>1</AllowDiscount>
      <ItemStatus/>
    </Item>
    <Item>
      <PriceUpdateTime>2026-01-06T08:24:45.000</PriceUpdateTime>
      <ItemCode>6440003100026</ItemCode>
      <LastSaleDateTime>2026-01-29T19:02:42.000</LastSaleDateTime>
      <ItemType>1</ItemType>
      <ItemName>וודקה פינלנדיה 1 ליט</ItemName>
      <ManufactureName>לא ידוע</ManufactureName>
      <ManufactureCountry>לא ידוע</ManufactureCountry>
      <ManufactureItemDescription>וודקה פינלנדיה 1 ליט</ManufactureItemDescription>
      <UnitQty>מטרים</UnitQty>
      <Quantity>1000.00</Quantity>
      <UnitOfMeasure>100 מ'ל</UnitOfMeasure>
      <bIsWeighted>0</bIsWeighted>
      <QtyInPackage>לא ידוע</QtyInPackage>
      <ItemPrice>84.80</ItemPrice>
      <UnitOfMeasurePrice>0.08</UnitOfMeasurePrice>
      <AllowDiscount>1</AllowDiscount>
      <ItemStatus/>
    </Item>
    <Item>
      <PriceUpdateTime>2026-01-06T11:44:13.000</PriceUpdateTime>
      <ItemCode>4067700014849</ItemCode>
      <LastSaleDateTime>2026-01-29T13:07:44.000</LastSaleDateTime>
      <ItemType>1</ItemType>
      <ItemName>יגרמייסטר 700 מל</ItemName>
      <ManufactureName>ייגרמייסטר</ManufactureName>
      <ManufactureCountry>גרמניה</ManufactureCountry>
      <ManufactureItemDescription>יגרמייסטר 70 ס"ל כשר</ManufactureItemDescription>
      <UnitQty>לא ידוע</UnitQty>
      <Quantity>700.00</Quantity>
      <UnitOfMeasure>100 מ"ל</UnitOfMeasure>
      <bIsWeighted>0</bIsWeighted>
      <QtyInPackage>לא ידוע</QtyInPackage>
      <ItemPrice>84.90</ItemPrice>
      <UnitOfMeasurePrice>0.12</UnitOfMeasurePrice>
      <AllowDiscount>1</AllowDiscount>
      <ItemStatus/>
    </Item>
    <Item>
      <PriceUpdateTime>2026-01-07T07:45:22.000</PriceUpdateTime>
      <ItemCode>7290016572766</ItemCode>
      <LastSaleDateTime>2026-01-22T22:05:55.000</LastSaleDateTime>
      <ItemType>1</ItemType>
      <ItemName>אדממה פולי סויה קפוא</ItemName>
      <ManufactureName>לא ידוע</ManufactureName>
      <ManufactureCountry>לא ידוע</ManufactureCountry>
      <ManufactureItemDescription>אדממה פולי סויה קפוא</ManufactureItemDescription>
      <UnitQty>גרם</UnitQty>
      <Quantity>1000.00</Quantity>
      <UnitOfMeasure>100 גרם</UnitOfMeasure>
      <bIsWeighted>0</bIsWeighted>
      <QtyInPackage>לא ידוע</QtyInPackage>
      <ItemPrice>11.90</ItemPrice>
      <UnitOfMeasurePrice>1.19</UnitOfMeasurePrice>
      <AllowDiscount>1</AllowDiscount>
      <ItemStatus/>
    </Item>
    <Item>
      <PriceUpdateTime>2026-01-08T09:00:47.000</PriceUpdateTime>
      <ItemCode>7501064191527</ItemCode>
      <LastSaleDateTime>2026-01-29T21:50:15.000</LastSaleDateTime>
      <ItemType>1</ItemType>
      <ItemName>קורונה מארז שישיה 6*</ItemName>
      <ManufactureName>לא ידוע</ManufactureName>
      <ManufactureCountry>לא ידוע</ManufactureCountry>
      <ManufactureItemDescription>קורונה מארז שישיה 6*</ManufactureItemDescription>
      <UnitQty>ליטר</UnitQty>
      <Quantity>2.13</Quantity>
      <UnitOfMeasure>ליטר    </UnitOfMeasure>
      <bIsWeighted>0</bIsWeighted>
      <QtyInPackage>לא ידוע</QtyInPackage>
      <ItemPrice>38.90</ItemPrice>
      <UnitOfMeasurePrice>18.26</UnitOfMeasurePrice>
      <AllowDiscount>1</AllowDiscount>
      <ItemStatus/>
    </Item>
    <Item>
      <PriceUpdateTime>2026-01-08T09:00:47.000</PriceUpdateTime>
      <ItemCode>7290119382552</ItemCode>
      <LastSaleDateTime>2026-01-28T14:50:56.000</LastSaleDateTime>
      <ItemType>1</ItemType>
      <ItemName>קפה נמס עלית 200 גרם</ItemName>
      <ManufactureName>לא ידוע</ManufactureName>
      <ManufactureCountry>לא ידוע</ManufactureCountry>
      <ManufactureItemDescription>קפה נמס עלית 200 גרם</ManufactureItemDescription>
      <UnitQty>גרם</UnitQty>
      <Quantity>200.00</Quantity>
      <UnitOfMeasure>100 גרם</UnitOfMeasure>
      <bIsWeighted>0</bIsWeighted>
      <QtyInPackage>לא ידוע</QtyInPackage>
      <ItemPrice>24.90</ItemPrice>
      <UnitOfMeasurePrice>12.45</UnitOfMeasurePrice>
      <AllowDiscount>1</AllowDiscount>
      <ItemStatus/>
    </Item>
    <Item>
      <PriceUpdateTime>2026-01-08T09:00:47.000</PriceUpdateTime>
      <ItemCode>5010677716000</ItemCode>
      <LastSaleDateTime>2015-01-01T00:00:00.000</LastSaleDateTime>
      <ItemType>1</ItemType>
      <ItemName>בומביי גין 1 ליטר</ItemName>
      <ManufactureName>לא ידוע</ManufactureName>
      <ManufactureCountry>לא ידוע</ManufactureCountry>
      <ManufactureItemDescription>בומביי גין 1 ליטר</ManufactureItemDescription>
      <UnitQty>מטרים</UnitQty>
      <Quantity>1000.00</Quantity>
      <UnitOfMeasure>100 מ'ל</UnitOfMeasure>
      <bIsWeighted>0</bIsWeighted>
      <QtyInPackage>לא ידוע</QtyInPackage>
      <ItemPrice>119.90</ItemPrice>
      <UnitOfMeasurePrice>0.12</UnitOfMeasurePrice>
      <AllowDiscount>1</AllowDiscount>
      <ItemStatus>2</ItemStatus>
    </Item>
    <Item>
      <PriceUpdateTime>2026-01-08T09:00:47.000</PriceUpdateTime>
      <ItemCode>5010677716000</ItemCode>
      <LastSaleDateTime>2015-01-01T00:00:00.000</LastSaleDateTime>
      <ItemType>1</ItemType>
      <ItemName>בומביי גין 1 ליטר</ItemName>
      <ManufactureName>לא ידוע</ManufactureName>
      <ManufactureCountry>לא ידוע</ManufactureCountry>
      <ManufactureItemDescription>בומביי גין 1 ליטר</ManufactureItemDescription>
      <UnitQty>מטרים</UnitQty>
      <Quantity>1000.00</Quantity>
      <UnitOfMeasure>100 מ'ל</UnitOfMeasure>
      <bIsWeighted>0</bIsWeighted>
      <QtyInPackage>לא ידוע</QtyInPackage>
      <ItemPrice>119.90</ItemPrice>
      <UnitOfMeasurePrice>0.12</UnitOfMeasurePrice>
      <AllowDiscount>1</AllowDiscount>
      <ItemStatus/>
    </Item>
    <Item>
      <PriceUpdateTime>2026-01-11T08:43:05.000</PriceUpdateTime>
      <ItemCode>7290018500644</ItemCode>
      <LastSaleDateTime>2026-01-22T20:30:32.000</LastSaleDateTime>
      <ItemType>1</ItemType>
      <ItemName>פיתה כוסמין</ItemName>
      <ManufactureName>לא ידוע</ManufactureName>
      <ManufactureCountry>לא ידוע</ManufactureCountry>
      <ManufactureItemDescription>פיתה כוסמין</ManufactureItemDescription>
      <UnitQty>לא ידוע</UnitQty>
      <Quantity>1.00</Quantity>
      <UnitOfMeasure>יח'</UnitOfMeasure>
      <bIsWeighted>0</bIsWeighted>
      <QtyInPackage>לא ידוע</QtyInPackage>
      <ItemPrice>16.90</ItemPrice>
      <UnitOfMeasurePrice>16.90</UnitOfMeasurePrice>
      <AllowDiscount>1</AllowDiscount>
      <ItemStatus/>
    </Item>
    <Item>
      <PriceUpdateTime>2026-01-11T12:50:39.000</PriceUpdateTime>
      <ItemCode>7290019398950</ItemCode>
      <LastSaleDateTime>2015-01-01T00:00:00.000</LastSaleDateTime>
      <ItemType>1</ItemType>
      <ItemName>יין הנדיב 750 מל</ItemName>
      <ManufactureName>לא ידוע</ManufactureName>
      <ManufactureCountry>לא ידוע</ManufactureCountry>
      <ManufactureItemDescription>יין הנדיב 750 מל</ManufactureItemDescription>
      <UnitQty>מטרים</UnitQty>
      <Quantity>750.00</Quantity>
      <UnitOfMeasure>100 מ'ל</UnitOfMeasure>
      <bIsWeighted>0</bIsWeighted>
      <QtyInPackage>לא ידוע</QtyInPackage>
      <ItemPrice>99.90</ItemPrice>
      <UnitOfMeasurePrice>0.13</UnitOfMeasurePrice>
      <AllowDiscount>1</AllowDiscount>
      <ItemStatus>2</ItemStatus>
    </Item>
    <Item>
      <PriceUpdateTime>2026-01-11T12:50:39.000</PriceUpdateTime>
      <ItemCode>7290019398950</ItemCode>
      <LastSaleDateTime>2015-01-01T00:00:00.000</LastSaleDateTime>
      <ItemType>1</ItemType>
      <ItemName>יין הנדיב 750 מל</ItemName>
      <ManufactureName>לא ידוע</ManufactureName>
      <ManufactureCountry>לא ידוע</ManufactureCountry>
      <ManufactureItemDescription>יין הנדיב 750 מל</ManufactureItemDescription>
      <UnitQty>מטרים</UnitQty>
      <Quantity>750.00</Quantity>
      <UnitOfMeasure>100 מ'ל</UnitOfMeasure>
      <bIsWeighted>0</bIsWeighted>
      <QtyInPackage>לא ידוע</QtyInPackage>
      <ItemPrice>99.90</ItemPrice>
      <UnitOfMeasurePrice>0.13</UnitOfMeasurePrice>
      <AllowDiscount>1</AllowDiscount>
      <ItemStatus/>
    </Item>
    <Item>
      <PriceUpdateTime>2026-01-11T12:50:40.000</PriceUpdateTime>
      <ItemCode>7290019398967</ItemCode>
      <LastSaleDateTime>2026-01-27T12:47:22.000</LastSaleDateTime>
      <ItemType>1</ItemType>
      <ItemName>יין הנדיב 750 מל</ItemName>
      <ManufactureName>לא ידוע</ManufactureName>
      <ManufactureCountry>לא ידוע</ManufactureCountry>
      <ManufactureItemDescription>יין הנדיב 750 מל</ManufactureItemDescription>
      <UnitQty>מטרים</UnitQty>
      <Quantity>750.00</Quantity>
      <UnitOfMeasure>100 מ'ל</UnitOfMeasure>
      <bIsWeighted>0</bIsWeighted>
      <QtyInPackage>לא ידוע</QtyInPackage>
      <ItemPrice>59.90</ItemPrice>
      <UnitOfMeasurePrice>0.08</UnitOfMeasurePrice>
      <AllowDiscount>1</AllowDiscount>
      <ItemStatus/>
    </Item>
    <Item>
      <PriceUpdateTime>2026-01-11T12:50:40.000</PriceUpdateTime>
      <ItemCode>7290019398981</ItemCode>
      <LastSaleDateTime>2015-01-01T00:00:00.000</LastSaleDateTime>
      <ItemType>1</ItemType>
      <ItemName>יין הנדיב 750 מל</ItemName>
      <ManufactureName>לא ידוע</ManufactureName>
      <ManufactureCountry>לא ידוע</ManufactureCountry>
      <ManufactureItemDescription>יין הנדיב 750 מל</ManufactureItemDescription>
      <UnitQty>מטרים</UnitQty>
      <Quantity>750.00</Quantity>
      <UnitOfMeasure>100 מ'ל</UnitOfMeasure>
      <bIsWeighted>0</bIsWeighted>
      <QtyInPackage>לא ידוע</QtyInPackage>
      <ItemPrice>99.90</ItemPrice>
      <UnitOfMeasurePrice>0.13</UnitOfMeasurePrice>
      <AllowDiscount>1</AllowDiscount>
      <ItemStatus>2</ItemStatus>
    </Item>
    <Item>
      <PriceUpdateTime>2026-01-11T12:50:40.000</PriceUpdateTime>
      <ItemCode>7290019398981</ItemCode>
      <LastSaleDateTime>2015-01-01T00:00:00.000</LastSaleDateTime>
      <ItemType>1</ItemType>
      <ItemName>יין הנדיב 750 מל</ItemName>
      <ManufactureName>לא ידוע</ManufactureName>
      <ManufactureCountry>לא ידוע</ManufactureCountry>
      <ManufactureItemDescription>יין הנדיב 750 מל</ManufactureItemDescription>
      <UnitQty>מטרים</UnitQty>
      <Quantity>750.00</Quantity>
      <UnitOfMeasure>100 מ'ל</UnitOfMeasure>
      <bIsWeighted>0</bIsWeighted>
      <QtyInPackage>לא ידוע</QtyInPackage>
      <ItemPrice>99.90</ItemPrice>
      <UnitOfMeasurePrice>0.13</UnitOfMeasurePrice>
      <AllowDiscount>1</AllowDiscount>
      <ItemStatus/>
    </Item>
    <Item>
      <PriceUpdateTime>2026-01-11T15:52:15.000</PriceUpdateTime>
      <ItemCode>5010494990300</ItemCode>
      <LastSaleDateTime>2026-01-29T18:18:29.000</LastSaleDateTime>
      <ItemType>1</ItemType>
      <ItemName>גלנמורנג'י אוריג'ינל</ItemName>
      <ManufactureName>לא ידוע</ManufactureName>
      <ManufactureCountry>לא ידוע</ManufactureCountry>
      <ManufactureItemDescription>גלנמורנג'י אוריג'ינל</ManufactureItemDescription>
      <UnitQty>מטרים</UnitQty>
      <Quantity>700.00</Quantity>
      <UnitOfMeasure>100 מ'ל</UnitOfMeasure>
      <bIsWeighted>0</bIsWeighted>
      <QtyInPackage>לא ידוע</QtyInPackage>
      <ItemPrice>129.90</ItemPrice>
      <UnitOfMeasurePrice>0.19</UnitOfMeasurePrice>
      <AllowDiscount>1</AllowDiscount>
      <ItemStatus/>
    </Item>
    <Item>
      <PriceUpdateTime>2026-01-12T08:22:32.000</PriceUpdateTime>
      <ItemCode>7290012642678</ItemCode>
      <LastSaleDateTime>2026-01-29T20:32:12.000</LastSaleDateTime>
      <ItemType>1</ItemType>
      <ItemName>חתיכות אננס בסירופ ת</ItemName>
      <ManufactureName>תומר</ManufactureName>
      <ManufactureCountry>לא ידוע</ManufactureCountry>
      <ManufactureItemDescription>חתיכות אננס בסירופ ת</ManufactureItemDescription>
      <UnitQty>גרם</UnitQty>
      <Quantity>452.00</Quantity>
      <UnitOfMeasure>100 גרם</UnitOfMeasure>
      <bIsWeighted>0</bIsWeighted>
      <QtyInPackage>לא ידוע</QtyInPackage>
      <ItemPrice>10.90</ItemPrice>
      <UnitOfMeasurePrice>2.41</UnitOfMeasurePrice>
      <AllowDiscount>1</AllowDiscount>
      <ItemStatus/>
    </Item>
    <Item>
      <PriceUpdateTime>2026-01-12T14:02:13.000</PriceUpdateTime>
      <ItemCode>4066600601920</ItemCode>
      <LastSaleDateTime>2026-01-26T19:22:16.000</LastSaleDateTime>
      <ItemType>1</ItemType>
      <ItemName>פאולנר ביתר חיטה מעו</ItemName>
      <ManufactureName>לא ידוע</ManufactureName>
      <ManufactureCountry>לא ידוע</ManufactureCountry>
      <ManufactureItemDescription>פאולנר ביתר חיטה מעו</ManufactureItemDescription>
      <UnitQty>לא ידוע</UnitQty>
      <Quantity>500.00</Quantity>
      <UnitOfMeasure>100 מ"ל</UnitOfMeasure>
      <bIsWeighted>0</bIsWeighted>
      <QtyInPackage>לא ידוע</QtyInPackage>
      <ItemPrice>11.50</ItemPrice>
      <UnitOfMeasurePrice>0.02</UnitOfMeasurePrice>
      <AllowDiscount>1</AllowDiscount>
      <ItemStatus/>
    </Item>
    <Item>
      <PriceUpdateTime>2026-01-12T14:02:23.000</PriceUpdateTime>
      <ItemCode>7290012228292</ItemCode>
      <LastSaleDateTime>2026-01-28T20:40:32.000</LastSaleDateTime>
      <ItemType>1</ItemType>
      <ItemName>פסטרמה על צלייה 300ג</ItemName>
      <ManufactureName>לא ידוע</ManufactureName>
      <ManufactureCountry>לא ידוע</ManufactureCountry>
      <ManufactureItemDescription>פסטרמה על צלייה 300ג</ManufactureItemDescription>
      <UnitQty>גרם</UnitQty>
      <Quantity>300.00</Quantity>
      <UnitOfMeasure>100 גרם</UnitOfMeasure>
      <bIsWeighted>0</bIsWeighted>
      <QtyInPackage>לא ידוע</QtyInPackage>
      <ItemPrice>26.90</ItemPrice>
      <UnitOfMeasurePrice>8.97</UnitOfMeasurePrice>
      <AllowDiscount>1</AllowDiscount>
      <ItemStatus/>
    </Item>
    <Item>
      <PriceUpdateTime>2026-01-13T09:58:23.000</PriceUpdateTime>
      <ItemCode>4066600999614</ItemCode>
      <LastSaleDateTime>2026-01-21T22:17:13.000</LastSaleDateTime>
      <ItemType>1</ItemType>
      <ItemName>פאולנר 500 מל</ItemName>
      <ManufactureName>לא ידוע</ManufactureName>
      <ManufactureCountry>לא ידוע</ManufactureCountry>
      <ManufactureItemDescription>פאולנר 500 מל</ManufactureItemDescription>
      <UnitQty>לא ידוע</UnitQty>
      <Quantity>500.00</Quantity>
      <UnitOfMeasure>100 מ"ל</UnitOfMeasure>
      <bIsWeighted>0</bIsWeighted>
      <QtyInPackage>לא ידוע</QtyInPackage>
      <ItemPrice>12.90</ItemPrice>
      <UnitOfMeasurePrice>0.03</UnitOfMeasurePrice>
      <AllowDiscount>1</AllowDiscount>
      <ItemStatus/>
    </Item>
    <Item>
      <PriceUpdateTime>2026-01-15T12:11:36.000</PriceUpdateTime>
      <ItemCode>7290020285188</ItemCode>
      <LastSaleDateTime>2015-01-01T00:00:00.000</LastSaleDateTime>
      <ItemType>1</ItemType>
      <ItemName>יין ארץ קברנה פרנק ו</ItemName>
      <ManufactureName>לא ידוע</ManufactureName>
      <ManufactureCountry>לא ידוע</ManufactureCountry>
      <ManufactureItemDescription>יין ארץ קברנה פרנק ו</ManufactureItemDescription>
      <UnitQty>מטרים</UnitQty>
      <Quantity>750.00</Quantity>
      <UnitOfMeasure>100 מ'ל</UnitOfMeasure>
      <bIsWeighted>0</bIsWeighted>
      <QtyInPackage>לא ידוע</QtyInPackage>
      <ItemPrice>34.90</ItemPrice>
      <UnitOfMeasurePrice>0.05</UnitOfMeasurePrice>
      <AllowDiscount>1</AllowDiscount>
      <ItemStatus>2</ItemStatus>
    </Item>
    <Item>
      <PriceUpdateTime>2026-01-15T12:11:36.000</PriceUpdateTime>
      <ItemCode>7290020285188</ItemCode>
      <LastSaleDateTime>2015-01-01T00:00:00.000</LastSaleDateTime>
      <ItemType>1</ItemType>
      <ItemName>יין ארץ קברנה פרנק ו</ItemName>
      <ManufactureName>לא ידוע</ManufactureName>
      <ManufactureCountry>לא ידוע</ManufactureCountry>
      <ManufactureItemDescription>יין ארץ קברנה פרנק ו</ManufactureItemDescription>
      <UnitQty>מטרים</UnitQty>
      <Quantity>750.00</Quantity>
      <UnitOfMeasure>100 מ'ל</UnitOfMeasure>
      <bIsWeighted>0</bIsWeighted>
      <QtyInPackage>לא ידוע</QtyInPackage>
      <ItemPrice>34.90</ItemPrice>
      <UnitOfMeasurePrice>0.05</UnitOfMeasurePrice>
      <AllowDiscount>1</AllowDiscount>
      <ItemStatus/>
    </Item>
    <Item>
      <PriceUpdateTime>2026-01-15T12:11:36.000</PriceUpdateTime>
      <ItemCode>5000267125046</ItemCode>
      <LastSaleDateTime>2015-01-01T00:00:00.000</LastSaleDateTime>
      <ItemType>1</ItemType>
      <ItemName>ווסקי בלייק לייבל 1</ItemName>
      <ManufactureName>לא ידוע</ManufactureName>
      <ManufactureCountry>לא ידוע</ManufactureCountry>
      <ManufactureItemDescription>ווסקי בלייק לייבל 1</ManufactureItemDescription>
      <UnitQty>יחידות</UnitQty>
      <Quantity>0.00</Quantity>
      <UnitOfMeasure>יחידה   </UnitOfMeasure>
      <bIsWeighted>0</bIsWeighted>
      <QtyInPackage>לא ידוע</QtyInPackage>
      <ItemPrice>139.90</ItemPrice>
      <UnitOfMeasurePrice>0.00</UnitOfMeasurePrice>
      <AllowDiscount>1</AllowDiscount>
      <ItemStatus>2</ItemStatus>
    </Item>
    <Item>
      <PriceUpdateTime>2026-01-15T12:11:36.000</PriceUpdateTime>
      <ItemCode>5000267125046</ItemCode>
      <LastSaleDateTime>2015-01-01T00:00:00.000</LastSaleDateTime>
      <ItemType>1</ItemType>
      <ItemName>ווסקי בלייק לייבל 1</ItemName>
      <ManufactureName>לא ידוע</ManufactureName>
      <ManufactureCountry>לא ידוע</ManufactureCountry>
      <ManufactureItemDescription>ווסקי בלייק לייבל 1</ManufactureItemDescription>
      <UnitQty>יחידות</UnitQty>
      <Quantity>0.00</Quantity>
      <UnitOfMeasure>יחידה   </UnitOfMeasure>
      <bIsWeighted>0</bIsWeighted>
      <QtyInPackage>לא ידוע</QtyInPackage>
      <ItemPrice>139.90</ItemPrice>
      <UnitOfMeasurePrice>0.00</UnitOfMeasurePrice>
      <AllowDiscount>1</AllowDiscount>
      <ItemStatus/>
    </Item>
    <Item>
      <PriceUpdateTime>2026-01-15T12:11:36.000</PriceUpdateTime>
      <ItemCode>5000267197753</ItemCode>
      <LastSaleDateTime>2015-01-01T00:00:00.000</LastSaleDateTime>
      <ItemType>1</ItemType>
      <ItemName>ווסקי גולד לייבל  1</ItemName>
      <ManufactureName>לא ידוע</ManufactureName>
      <ManufactureCountry>לא ידוע</ManufactureCountry>
      <ManufactureItemDescription>ווסקי גולד לייבל  1</ManufactureItemDescription>
      <UnitQty>יחידות</UnitQty>
      <Quantity>0.00</Quantity>
      <UnitOfMeasure>יחידה   </UnitOfMeasure>
      <bIsWeighted>0</bIsWeighted>
      <QtyInPackage>לא ידוע</QtyInPackage>
      <ItemPrice>188.90</ItemPrice>
      <UnitOfMeasurePrice>0.00</UnitOfMeasurePrice>
      <AllowDiscount>1</AllowDiscount>
      <ItemStatus>2</ItemStatus>
    </Item>
    <Item>
      <PriceUpdateTime>2026-01-15T12:11:36.000</PriceUpdateTime>
      <ItemCode>5000267197753</ItemCode>
      <LastSaleDateTime>2015-01-01T00:00:00.000</LastSaleDateTime>
      <ItemType>1</ItemType>
      <ItemName>ווסקי גולד לייבל  1</ItemName>
      <ManufactureName>לא ידוע</ManufactureName>
      <ManufactureCountry>לא ידוע</ManufactureCountry>
      <ManufactureItemDescription>ווסקי גולד לייבל  1</ManufactureItemDescription>
      <UnitQty>יחידות</UnitQty>
      <Quantity>0.00</Quantity>
      <UnitOfMeasure>יחידה   </UnitOfMeasure>
      <bIsWeighted>0</bIsWeighted>
      <QtyInPackage>לא ידוע</QtyInPackage>
      <ItemPrice>188.90</ItemPrice>
      <UnitOfMeasurePrice>0.00</UnitOfMeasurePrice>
      <AllowDiscount>1</AllowDiscount>
      <ItemStatus/>
    </Item>
    <Item>
      <PriceUpdateTime>2026-01-15T12:12:17.000</PriceUpdateTime>
      <ItemCode>7290107934473</ItemCode>
      <LastSaleDateTime>2026-01-29T14:37:48.000</LastSaleDateTime>
      <ItemType>1</ItemType>
      <ItemName>יוגורט אקטיביה לבן 1</ItemName>
      <ManufactureName>שטראוס</ManufactureName>
      <ManufactureCountry>ישראל</ManufactureCountry>
      <ManufactureItemDescription>יוגורט אקטיביה לבן 1</ManufactureItemDescription>
      <UnitQty>ליטר</UnitQty>
      <Quantity>1.20</Quantity>
      <UnitOfMeasure>ליטר    </UnitOfMeasure>
      <bIsWeighted>0</bIsWeighted>
      <QtyInPackage>לא ידוע</QtyInPackage>
      <ItemPrice>16.90</ItemPrice>
      <UnitOfMeasurePrice>14.08</UnitOfMeasurePrice>
      <AllowDiscount>1</AllowDiscount>
      <ItemStatus/>
    </Item>
    <Item>
      <PriceUpdateTime>2026-01-16T06:45:57.000</PriceUpdateTime>
      <ItemCode>7290003359752</ItemCode>
      <LastSaleDateTime>2026-01-29T19:15:11.000</LastSaleDateTime>
      <ItemType>1</ItemType>
      <ItemName>קבב טלה רון יוחננוב</ItemName>
      <ManufactureName>לא ידוע</ManufactureName>
      <ManufactureCountry>לא ידוע</ManufactureCountry>
      <ManufactureItemDescription>קבב טלה רון יוחננוב</ManufactureItemDescription>
      <UnitQty>גרם</UnitQty>
      <Quantity>500.00</Quantity>
      <UnitOfMeasure>100 גרם</UnitOfMeasure>
      <bIsWeighted>0</bIsWeighted>
      <QtyInPackage>לא ידוע</QtyInPackage>
      <ItemPrice>29.90</ItemPrice>
      <UnitOfMeasurePrice>5.98</UnitOfMeasurePrice>
      <AllowDiscount>1</AllowDiscount>
      <ItemStatus/>
    </Item>
    <Item>
      <PriceUpdateTime>2026-01-16T06:45:57.000</PriceUpdateTime>
      <ItemCode>7298171251557</ItemCode>
      <LastSaleDateTime>2026-01-28T12:33:37.000</LastSaleDateTime>
      <ItemType>1</ItemType>
      <ItemName>צלחת מלמין 8' סטיטץ'</ItemName>
      <ManufactureName>לא ידוע</ManufactureName>
      <ManufactureCountry>לא ידוע</ManufactureCountry>
      <ManufactureItemDescription>צלחת מלמין 8' סטיטץ'</ManufactureItemDescription>
      <UnitQty>לא ידוע</UnitQty>
      <Quantity>1.00</Quantity>
      <UnitOfMeasure>יח'</UnitOfMeasure>
      <bIsWeighted>0</bIsWeighted>
      <QtyInPackage>לא ידוע</QtyInPackage>
      <ItemPrice>6.90</ItemPrice>
      <UnitOfMeasurePrice>6.90</UnitOfMeasurePrice>
      <AllowDiscount>1</AllowDiscount>
      <ItemStatus/>
    </Item>
    <Item>
      <PriceUpdateTime>2026-01-16T06:45:57.000</PriceUpdateTime>
      <ItemCode>7298171251571</ItemCode>
      <LastSaleDateTime>2026-01-29T18:56:03.000</LastSaleDateTime>
      <ItemType>1</ItemType>
      <ItemName>כוס מלמין 420 מ"ל סט</ItemName>
      <ManufactureName>לא ידוע</ManufactureName>
      <ManufactureCountry>לא ידוע</ManufactureCountry>
      <ManufactureItemDescription>כוס מלמין 420 מ"ל סט</ManufactureItemDescription>
      <UnitQty>לא ידוע</UnitQty>
      <Quantity>1.00</Quantity>
      <UnitOfMeasure>יח'</UnitOfMeasure>
      <bIsWeighted>0</bIsWeighted>
      <QtyInPackage>לא ידוע</QtyInPackage>
      <ItemPrice>5.90</ItemPrice>
      <UnitOfMeasurePrice>5.90</UnitOfMeasurePrice>
      <AllowDiscount>1</AllowDiscount>
      <ItemStatus/>
    </Item>
    <Item>
      <PriceUpdateTime>2026-01-18T23:10:40.000</PriceUpdateTime>
      <ItemCode>7290000000148</ItemCode>
      <LastSaleDateTime>2026-01-23T18:25:40.000</LastSaleDateTime>
      <ItemType>1</ItemType>
      <ItemName>תירס טרי</ItemName>
      <ManufactureName>לא ידוע</ManufactureName>
      <ManufactureCountry>לא ידוע</ManufactureCountry>
      <ManufactureItemDescription>תירס טרי</ManufactureItemDescription>
      <UnitQty>קילוגרם</UnitQty>
      <Quantity>1.00</Quantity>
      <UnitOfMeasure>ק"ג     </UnitOfMeasure>
      <bIsWeighted>1</bIsWeighted>
      <QtyInPackage>לא ידוע</QtyInPackage>
      <ItemPrice>9.90</ItemPrice>
      <UnitOfMeasurePrice>9.90</UnitOfMeasurePrice>
      <AllowDiscount>1</AllowDiscount>
      <ItemStatus/>
    </Item>
    <Item>
      <PriceUpdateTime>2026-01-19T08:00:01.000</PriceUpdateTime>
      <ItemCode>7290102397334</ItemCode>
      <LastSaleDateTime>2026-01-28T09:21:58.000</LastSaleDateTime>
      <ItemType>1</ItemType>
      <ItemName>בולגרית 5% 250 גר</ItemName>
      <ManufactureName>לא ידוע</ManufactureName>
      <ManufactureCountry>לא ידוע</ManufactureCountry>
      <ManufactureItemDescription>בולגרית 5% 250 גר</ManufactureItemDescription>
      <UnitQty>גרם</UnitQty>
      <Quantity>250.00</Quantity>
      <UnitOfMeasure>100 גרם</UnitOfMeasure>
      <bIsWeighted>0</bIsWeighted>
      <QtyInPackage>לא ידוע</QtyInPackage>
      <ItemPrice>23.90</ItemPrice>
      <UnitOfMeasurePrice>9.56</UnitOfMeasurePrice>
      <AllowDiscount>1</AllowDiscount>
      <ItemStatus/>
    </Item>
    <Item>
      <PriceUpdateTime>2026-01-19T08:00:01.000</PriceUpdateTime>
      <ItemCode>7290122781434</ItemCode>
      <LastSaleDateTime>2026-01-29T18:37:55.000</LastSaleDateTime>
      <ItemType>1</ItemType>
      <ItemName>עוגיות קרמוגית טעם פ</ItemName>
      <ManufactureName>לא ידוע</ManufactureName>
      <ManufactureCountry>לא ידוע</ManufactureCountry>
      <ManufactureItemDescription>עוגיות קרמוגית טעם פ</ManufactureItemDescription>
      <UnitQty>גרם</UnitQty>
      <Quantity>200.00</Quantity>
      <UnitOfMeasure>100 גרם</UnitOfMeasure>
      <bIsWeighted>0</bIsWeighted>
      <QtyInPackage>לא ידוע</QtyInPackage>
      <ItemPrice>9.90</ItemPrice>
      <UnitOfMeasurePrice>4.95</UnitOfMeasurePrice>
      <AllowDiscount>1</AllowDiscount>
      <ItemStatus/>
    </Item>
    <Item>
      <PriceUpdateTime>2026-01-19T08:00:12.000</PriceUpdateTime>
      <ItemCode>7290115208566</ItemCode>
      <LastSaleDateTime>2026-01-29T13:09:57.000</LastSaleDateTime>
      <ItemType>1</ItemType>
      <ItemName>אסם קרמוגית קרם בייג</ItemName>
      <ManufactureName>לא ידוע</ManufactureName>
      <ManufactureCountry>לא ידוע</ManufactureCountry>
      <ManufactureItemDescription>אסם קרמוגית קרם בייג</ManufactureItemDescription>
      <UnitQty>גרם</UnitQty>
      <Quantity>200.00</Quantity>
      <UnitOfMeasure>100 גרם</UnitOfMeasure>
      <bIsWeighted>0</bIsWeighted>
      <QtyInPackage>לא ידוע</QtyInPackage>
      <ItemPrice>9.90</ItemPrice>
      <UnitOfMeasurePrice>4.95</UnitOfMeasurePrice>
      <AllowDiscount>1</AllowDiscount>
      <ItemStatus/>
    </Item>
    <Item>
      <PriceUpdateTime>2026-01-19T08:00:12.000</PriceUpdateTime>
      <ItemCode>7290115208597</ItemCode>
      <LastSaleDateTime>2026-01-28T17:27:50.000</LastSaleDateTime>
      <ItemType>1</ItemType>
      <ItemName>אסם קרמוגית מיניס קר</ItemName>
      <ManufactureName>לא ידוע</ManufactureName>
      <ManufactureCountry>לא ידוע</ManufactureCountry>
      <ManufactureItemDescription>אסם קרמוגית מיניס קר</ManufactureItemDescription>
      <UnitQty>גרם</UnitQty>
      <Quantity>200.00</Quantity>
      <UnitOfMeasure>100 גרם</UnitOfMeasure>
      <bIsWeighted>0</bIsWeighted>
      <QtyInPackage>לא ידוע</QtyInPackage>
      <ItemPrice>9.90</ItemPrice>
      <UnitOfMeasurePrice>4.95</UnitOfMeasurePrice>
      <AllowDiscount>1</AllowDiscount>
      <ItemStatus/>
    </Item>
    <Item>
      <PriceUpdateTime>2026-01-19T08:00:12.000</PriceUpdateTime>
      <ItemCode>7290000000500</ItemCode>
      <LastSaleDateTime>2026-01-29T18:39:34.000</LastSaleDateTime>
      <ItemType>1</ItemType>
      <ItemName>תאנים בקופסא</ItemName>
      <ManufactureName>לא ידוע</ManufactureName>
      <ManufactureCountry>לא ידוע</ManufactureCountry>
      <ManufactureItemDescription>תאנים בקופסא</ManufactureItemDescription>
      <UnitQty>גרם</UnitQty>
      <Quantity>500.00</Quantity>
      <UnitOfMeasure>100 גרם</UnitOfMeasure>
      <bIsWeighted>0</bIsWeighted>
      <QtyInPackage>לא ידוע</QtyInPackage>
      <ItemPrice>14.90</ItemPrice>
      <UnitOfMeasurePrice>2.98</UnitOfMeasurePrice>
      <AllowDiscount>1</AllowDiscount>
      <ItemStatus/>
    </Item>
    <Item>
      <PriceUpdateTime>2026-01-20T07:39:24.000</PriceUpdateTime>
      <ItemCode>7290002610182</ItemCode>
      <LastSaleDateTime>2026-01-28T20:10:40.000</LastSaleDateTime>
      <ItemType>1</ItemType>
      <ItemName>חזה עוף ארוז קפוא חת</ItemName>
      <ManufactureName>לא ידוע</ManufactureName>
      <ManufactureCountry>לא ידוע</ManufactureCountry>
      <ManufactureItemDescription>חזה עוף ארוז קפוא חת</ManufactureItemDescription>
      <UnitQty>קילוגרם</UnitQty>
      <Quantity>1.00</Quantity>
      <UnitOfMeasure>ק"ג     </UnitOfMeasure>
      <bIsWeighted>1</bIsWeighted>
      <QtyInPackage>לא ידוע</QtyInPackage>
      <ItemPrice>19.90</ItemPrice>
      <UnitOfMeasurePrice>19.90</UnitOfMeasurePrice>
      <AllowDiscount>1</AllowDiscount>
      <ItemStatus/>
    </Item>
    <Item>
      <PriceUpdateTime>2026-01-20T07:39:24.000</PriceUpdateTime>
      <ItemCode>7290018566596</ItemCode>
      <LastSaleDateTime>2026-01-29T12:59:50.000</LastSaleDateTime>
      <ItemType>1</ItemType>
      <ItemName>קוקוס * מיובש 160גר</ItemName>
      <ManufactureName>לא ידוע</ManufactureName>
      <ManufactureCountry>לא ידוע</ManufactureCountry>
      <ManufactureItemDescription>קוקוס * מיובש 160גר</ManufactureItemDescription>
      <UnitQty>גרם</UnitQty>
      <Quantity>160.00</Quantity>
      <UnitOfMeasure>100 גרם</UnitOfMeasure>
      <bIsWeighted>0</bIsWeighted>
      <QtyInPackage>לא ידוע</QtyInPackage>
      <ItemPrice>13.90</ItemPrice>
      <UnitOfMeasurePrice>8.69</UnitOfMeasurePrice>
      <AllowDiscount>1</AllowDiscount>
      <ItemStatus/>
    </Item>
    <Item>
      <PriceUpdateTime>2026-01-20T14:48:28.000</PriceUpdateTime>
      <ItemCode>7290000136776</ItemCode>
      <LastSaleDateTime>2026-01-29T16:46:38.000</LastSaleDateTime>
      <ItemType>1</ItemType>
      <ItemName>פפסי זירו 1.5לי שישי</ItemName>
      <ManufactureName>לא ידוע</ManufactureName>
      <ManufactureCountry>לא ידוע</ManufactureCountry>
      <ManufactureItemDescription>פפסי זירו 1.5לי שישי</ManufactureItemDescription>
      <UnitQty>ליטר</UnitQty>
      <Quantity>9.00</Quantity>
      <UnitOfMeasure>ליטר    </UnitOfMeasure>
      <bIsWeighted>0</bIsWeighted>
      <QtyInPackage>לא ידוע</QtyInPackage>
      <ItemPrice>33.90</ItemPrice>
      <UnitOfMeasurePrice>3.77</UnitOfMeasurePrice>
      <AllowDiscount>1</AllowDiscount>
      <ItemStatus/>
    </Item>
    <Item>
      <PriceUpdateTime>2026-01-20T14:48:28.000</PriceUpdateTime>
      <ItemCode>7290106725423</ItemCode>
      <LastSaleDateTime>2026-01-29T21:29:07.000</LastSaleDateTime>
      <ItemType>1</ItemType>
      <ItemName>רבע לשבע חלבה 120 גר</ItemName>
      <ManufactureName>עלית</ManufactureName>
      <ManufactureCountry>לא ידוע</ManufactureCountry>
      <ManufactureItemDescription>רבע לשבע חלבה 120 גר</ManufactureItemDescription>
      <UnitQty>גרם</UnitQty>
      <Quantity>120.00</Quantity>
      <UnitOfMeasure>100 גרם</UnitOfMeasure>
      <bIsWeighted>0</bIsWeighted>
      <QtyInPackage>לא ידוע</QtyInPackage>
      <ItemPrice>13.90</ItemPrice>
      <UnitOfMeasurePrice>11.58</UnitOfMeasurePrice>
      <AllowDiscount>1</AllowDiscount>
      <ItemStatus/>
    </Item>
    <Item>
      <PriceUpdateTime>2026-01-20T14:48:28.000</PriceUpdateTime>
      <ItemCode>7290119383733</ItemCode>
      <LastSaleDateTime>2026-01-29T17:51:07.000</LastSaleDateTime>
      <ItemType>1</ItemType>
      <ItemName>פרה קראנץ סימורס 100</ItemName>
      <ManufactureName>לא ידוע</ManufactureName>
      <ManufactureCountry>לא ידוע</ManufactureCountry>
      <ManufactureItemDescription>פרה קראנץ סימורס 100</ManufactureItemDescription>
      <UnitQty>גרם</UnitQty>
      <Quantity>100.00</Quantity>
      <UnitOfMeasure>100 גרם</UnitOfMeasure>
      <bIsWeighted>0</bIsWeighted>
      <QtyInPackage>לא ידוע</QtyInPackage>
      <ItemPrice>8.50</ItemPrice>
      <UnitOfMeasurePrice>8.50</UnitOfMeasurePrice>
      <AllowDiscount>1</AllowDiscount>
      <ItemStatus/>
    </Item>
    <Item>
      <PriceUpdateTime>2026-01-25T08:56:42.000</PriceUpdateTime>
      <ItemCode>7290018710289</ItemCode>
      <LastSaleDateTime>2026-01-29T21:28:25.000</LastSaleDateTime>
      <ItemType>1</ItemType>
      <ItemName>שומשום 400גר רמילוי</ItemName>
      <ManufactureName>לא ידוע</ManufactureName>
      <ManufactureCountry>לא ידוע</ManufactureCountry>
      <ManufactureItemDescription>שומשום 400גר רמילוי</ManufactureItemDescription>
      <UnitQty>גרם</UnitQty>
      <Quantity>400.00</Quantity>
      <UnitOfMeasure>100 גרם</UnitOfMeasure>
      <bIsWeighted>0</bIsWeighted>
      <QtyInPackage>לא ידוע</QtyInPackage>
      <ItemPrice>12.90</ItemPrice>
      <UnitOfMeasurePrice>3.23</UnitOfMeasurePrice>
      <AllowDiscount>1</AllowDiscount>
      <ItemStatus/>
    </Item>
    <Item>
      <PriceUpdateTime>2026-01-25T08:56:42.000</PriceUpdateTime>
      <ItemCode>7290014466890</ItemCode>
      <LastSaleDateTime>2015-01-01T00:00:00.000</LastSaleDateTime>
      <ItemType>1</ItemType>
      <ItemName>גמלא קברנה מרלו 750מ</ItemName>
      <ManufactureName>לא ידוע</ManufactureName>
      <ManufactureCountry>לא ידוע</ManufactureCountry>
      <ManufactureItemDescription>גמלא קברנה מרלו 750מ</ManufactureItemDescription>
      <UnitQty>מטרים</UnitQty>
      <Quantity>750.00</Quantity>
      <UnitOfMeasure>100 מ'ל</UnitOfMeasure>
      <bIsWeighted>0</bIsWeighted>
      <QtyInPackage>לא ידוע</QtyInPackage>
      <ItemPrice>58.90</ItemPrice>
      <UnitOfMeasurePrice>0.08</UnitOfMeasurePrice>
      <AllowDiscount>1</AllowDiscount>
      <ItemStatus>2</ItemStatus>
    </Item>
    <Item>
      <PriceUpdateTime>2026-01-25T08:56:42.000</PriceUpdateTime>
      <ItemCode>7290014466890</ItemCode>
      <LastSaleDateTime>2015-01-01T00:00:00.000</LastSaleDateTime>
      <ItemType>1</ItemType>
      <ItemName>גמלא קברנה מרלו 750מ</ItemName>
      <ManufactureName>לא ידוע</ManufactureName>
      <ManufactureCountry>לא ידוע</ManufactureCountry>
      <ManufactureItemDescription>גמלא קברנה מרלו 750מ</ManufactureItemDescription>
      <UnitQty>מטרים</UnitQty>
      <Quantity>750.00</Quantity>
      <UnitOfMeasure>100 מ'ל</UnitOfMeasure>
      <bIsWeighted>0</bIsWeighted>
      <QtyInPackage>לא ידוע</QtyInPackage>
      <ItemPrice>58.90</ItemPrice>
      <UnitOfMeasurePrice>0.08</UnitOfMeasurePrice>
      <AllowDiscount>1</AllowDiscount>
      <ItemStatus/>
    </Item>
    <Item>
      <PriceUpdateTime>2026-01-25T08:56:51.000</PriceUpdateTime>
      <ItemCode>7622202030635</ItemCode>
      <LastSaleDateTime>2026-01-28T12:39:05.000</LastSaleDateTime>
      <ItemType>1</ItemType>
      <ItemName>פילדלפיה צמחית 145 ג</ItemName>
      <ManufactureName>לא ידוע</ManufactureName>
      <ManufactureCountry>לא ידוע</ManufactureCountry>
      <ManufactureItemDescription>פילדלפיה צמחית 145 ג</ManufactureItemDescription>
      <UnitQty>גרם</UnitQty>
      <Quantity>145.00</Quantity>
      <UnitOfMeasure>100 גרם</UnitOfMeasure>
      <bIsWeighted>0</bIsWeighted>
      <QtyInPackage>לא ידוע</QtyInPackage>
      <ItemPrice>14.90</ItemPrice>
      <UnitOfMeasurePrice>10.28</UnitOfMeasurePrice>
      <AllowDiscount>1</AllowDiscount>
      <ItemStatus/>
    </Item>
    <Item>
      <PriceUpdateTime>2026-01-26T07:53:22.000</PriceUpdateTime>
      <ItemCode>7290002610199</ItemCode>
      <LastSaleDateTime>2026-01-28T15:30:22.000</LastSaleDateTime>
      <ItemType>1</ItemType>
      <ItemName>כנפיים עוף ארוז קפוא</ItemName>
      <ManufactureName>לא ידוע</ManufactureName>
      <ManufactureCountry>לא ידוע</ManufactureCountry>
      <ManufactureItemDescription>כנפיים עוף ארוז קפוא</ManufactureItemDescription>
      <UnitQty>קילוגרם</UnitQty>
      <Quantity>1.00</Quantity>
      <UnitOfMeasure>ק"ג     </UnitOfMeasure>
      <bIsWeighted>1</bIsWeighted>
      <QtyInPackage>לא ידוע</QtyInPackage>
      <ItemPrice>8.90</ItemPrice>
      <UnitOfMeasurePrice>8.90</UnitOfMeasurePrice>
      <AllowDiscount>1</AllowDiscount>
      <ItemStatus/>
    </Item>
    <Item>
      <PriceUpdateTime>2026-01-26T12:15:05.000</PriceUpdateTime>
      <ItemCode>7290018208502</ItemCode>
      <LastSaleDateTime>2026-01-29T17:55:07.000</LastSaleDateTime>
      <ItemType>1</ItemType>
      <ItemName>תמר מג'הול פרימיום 2</ItemName>
      <ManufactureName>לא ידוע</ManufactureName>
      <ManufactureCountry>לא ידוע</ManufactureCountry>
      <ManufactureItemDescription>תמר מג'הול פרימיום 2</ManufactureItemDescription>
      <UnitQty>לא ידוע</UnitQty>
      <Quantity>1.00</Quantity>
      <UnitOfMeasure>יח'</UnitOfMeasure>
      <bIsWeighted>0</bIsWeighted>
      <QtyInPackage>לא ידוע</QtyInPackage>
      <ItemPrice>39.90</ItemPrice>
      <UnitOfMeasurePrice>39.90</UnitOfMeasurePrice>
      <AllowDiscount>1</AllowDiscount>
      <ItemStatus/>
    </Item>
    <Item>
      <PriceUpdateTime>2026-01-27T08:30:55.000</PriceUpdateTime>
      <ItemCode>7290122182255</ItemCode>
      <LastSaleDateTime>2026-01-29T12:49:02.000</LastSaleDateTime>
      <ItemType>1</ItemType>
      <ItemName>צמד ברוקולי רמי לוי</ItemName>
      <ManufactureName>לא ידוע</ManufactureName>
      <ManufactureCountry>לא ידוע</ManufactureCountry>
      <ManufactureItemDescription>צמד ברוקולי רמי לוי</ManufactureItemDescription>
      <UnitQty>יחידות</UnitQty>
      <Quantity>0.00</Quantity>
      <UnitOfMeasure>יחידה   </UnitOfMeasure>
      <bIsWeighted>0</bIsWeighted>
      <QtyInPackage>לא ידוע</QtyInPackage>
      <ItemPrice>18.90</ItemPrice>
      <UnitOfMeasurePrice>0.00</UnitOfMeasurePrice>
      <AllowDiscount>1</AllowDiscount>
      <ItemStatus/>
    </Item>
    <Item>
      <PriceUpdateTime>2026-01-27T08:30:55.000</PriceUpdateTime>
      <ItemCode>7290122182262</ItemCode>
      <LastSaleDateTime>2026-01-29T12:43:07.000</LastSaleDateTime>
      <ItemType>1</ItemType>
      <ItemName>צמד כרובית רמי לוי</ItemName>
      <ManufactureName>לא ידוע</ManufactureName>
      <ManufactureCountry>לא ידוע</ManufactureCountry>
      <ManufactureItemDescription>צמד כרובית רמי לוי</ManufactureItemDescription>
      <UnitQty>יחידות</UnitQty>
      <Quantity>0.00</Quantity>
      <UnitOfMeasure>יחידה   </UnitOfMeasure>
      <bIsWeighted>0</bIsWeighted>
      <QtyInPackage>לא ידוע</QtyInPackage>
      <ItemPrice>18.90</ItemPrice>
      <UnitOfMeasurePrice>0.00</UnitOfMeasurePrice>
      <AllowDiscount>1</AllowDiscount>
      <ItemStatus/>
    </Item>
    <Item>
      <PriceUpdateTime>2026-01-27T08:30:55.000</PriceUpdateTime>
      <ItemCode>7290122182279</ItemCode>
      <LastSaleDateTime>2026-01-29T13:46:46.000</LastSaleDateTime>
      <ItemType>1</ItemType>
      <ItemName>ברוקובית רמי לוי</ItemName>
      <ManufactureName>לא ידוע</ManufactureName>
      <ManufactureCountry>לא ידוע</ManufactureCountry>
      <ManufactureItemDescription>ברוקובית רמי לוי</ManufactureItemDescription>
      <UnitQty>יחידות</UnitQty>
      <Quantity>0.00</Quantity>
      <UnitOfMeasure>יחידה   </UnitOfMeasure>
      <bIsWeighted>0</bIsWeighted>
      <QtyInPackage>לא ידוע</QtyInPackage>
      <ItemPrice>18.90</ItemPrice>
      <UnitOfMeasurePrice>0.00</UnitOfMeasurePrice>
      <AllowDiscount>1</AllowDiscount>
      <ItemStatus/>
    </Item>
    <Item>
      <PriceUpdateTime>2026-01-27T08:30:55.000</PriceUpdateTime>
      <ItemCode>7290122182286</ItemCode>
      <LastSaleDateTime>2026-01-29T20:25:29.000</LastSaleDateTime>
      <ItemType>1</ItemType>
      <ItemName>צמד אייסברג רמי לוי</ItemName>
      <ManufactureName>לא ידוע</ManufactureName>
      <ManufactureCountry>לא ידוע</ManufactureCountry>
      <ManufactureItemDescription>צמד אייסברג רמי לוי</ManufactureItemDescription>
      <UnitQty>יחידות</UnitQty>
      <Quantity>0.00</Quantity>
      <UnitOfMeasure>יחידה   </UnitOfMeasure>
      <bIsWeighted>0</bIsWeighted>
      <QtyInPackage>לא ידוע</QtyInPackage>
      <ItemPrice>18.90</ItemPrice>
      <UnitOfMeasurePrice>0.00</UnitOfMeasurePrice>
      <AllowDiscount>1</AllowDiscount>
      <ItemStatus/>
    </Item>
    <Item>
      <PriceUpdateTime>2026-01-27T13:36:03.000</PriceUpdateTime>
      <ItemCode>7290014503823</ItemCode>
      <LastSaleDateTime>2015-01-01T00:00:00.000</LastSaleDateTime>
      <ItemType>1</ItemType>
      <ItemName>יין כנען רוזה 750 מ'</ItemName>
      <ManufactureName>לא ידוע</ManufactureName>
      <ManufactureCountry>לא ידוע</ManufactureCountry>
      <ManufactureItemDescription>יין כנען רוזה 750 מ'</ManufactureItemDescription>
      <UnitQty>לא ידוע</UnitQty>
      <Quantity>750.00</Quantity>
      <UnitOfMeasure>100 מ"ל</UnitOfMeasure>
      <bIsWeighted>0</bIsWeighted>
      <QtyInPackage>לא ידוע</QtyInPackage>
      <ItemPrice>47.90</ItemPrice>
      <UnitOfMeasurePrice>0.06</UnitOfMeasurePrice>
      <AllowDiscount>1</AllowDiscount>
      <ItemStatus>2</ItemStatus>
    </Item>
    <Item>
      <PriceUpdateTime>2026-01-27T13:36:03.000</PriceUpdateTime>
      <ItemCode>7290014503823</ItemCode>
      <LastSaleDateTime>2015-01-01T00:00:00.000</LastSaleDateTime>
      <ItemType>1</ItemType>
      <ItemName>יין כנען רוזה 750 מ'</ItemName>
      <ManufactureName>לא ידוע</ManufactureName>
      <ManufactureCountry>לא ידוע</ManufactureCountry>
      <ManufactureItemDescription>יין כנען רוזה 750 מ'</ManufactureItemDescription>
      <UnitQty>לא ידוע</UnitQty>
      <Quantity>750.00</Quantity>
      <UnitOfMeasure>100 מ"ל</UnitOfMeasure>
      <bIsWeighted>0</bIsWeighted>
      <QtyInPackage>לא ידוע</QtyInPackage>
      <ItemPrice>47.90</ItemPrice>
      <UnitOfMeasurePrice>0.06</UnitOfMeasurePrice>
      <AllowDiscount>1</AllowDiscount>
      <ItemStatus/>
    </Item>
    <Item>
      <PriceUpdateTime>2026-01-28T08:52:52.000</PriceUpdateTime>
      <ItemCode>7290019297451</ItemCode>
      <LastSaleDateTime>2026-01-28T13:43:19.000</LastSaleDateTime>
      <ItemType>1</ItemType>
      <ItemName>מי ורדים 500 מל</ItemName>
      <ManufactureName>לא ידוע</ManufactureName>
      <ManufactureCountry>לא ידוע</ManufactureCountry>
      <ManufactureItemDescription>מי ורדים 500 מל</ManufactureItemDescription>
      <UnitQty>לא ידוע</UnitQty>
      <Quantity>500.00</Quantity>
      <UnitOfMeasure>100 מ"ל</UnitOfMeasure>
      <bIsWeighted>0</bIsWeighted>
      <QtyInPackage>לא ידוע</QtyInPackage>
      <ItemPrice>13.80</ItemPrice>
      <UnitOfMeasurePrice>0.03</UnitOfMeasurePrice>
      <AllowDiscount>1</AllowDiscount>
      <ItemStatus/>
    </Item>
    <Item>
      <PriceUpdateTime>2026-01-28T14:04:44.000</PriceUpdateTime>
      <ItemCode>7290114314480</ItemCode>
      <LastSaleDateTime>2026-01-28T19:31:43.000</LastSaleDateTime>
      <ItemType>1</ItemType>
      <ItemName>מטריה 24 ממותגת - קנ</ItemName>
      <ManufactureName>לא ידוע</ManufactureName>
      <ManufactureCountry>לא ידוע</ManufactureCountry>
      <ManufactureItemDescription>מטריה 24 ממותגת - קנ</ManufactureItemDescription>
      <UnitQty>יחידות</UnitQty>
      <Quantity>0.00</Quantity>
      <UnitOfMeasure>יחידה   </UnitOfMeasure>
      <bIsWeighted>0</bIsWeighted>
      <QtyInPackage>לא ידוע</QtyInPackage>
      <ItemPrice>14.90</ItemPrice>
      <UnitOfMeasurePrice>0.00</UnitOfMeasurePrice>
      <AllowDiscount>1</AllowDiscount>
      <ItemStatus/>
    </Item>
  </Items>
</Root>