<Root>
  <ChainID>7290058140886</ChainID>
  <SubChainID>001</SubChainID>
  <StoreID>070</StoreID>
  <BikoretNo>0</BikoretNo>
  <Items>
    <Item>
      <PriceUpdateTime>2024-03-21T09:24:23.000</PriceUpdateTime>
      <ItemCode>7350041950110</ItemCode>
      <LastSaleDateTime>2015-01-01T00:00:00.000</LastSaleDateTime>
      <ItemType>1</ItemType>
      <ItemName>ליקר שרי 700 מל</ItemName>
      <ManufactureName>לא ידוע</ManufactureName>
      <ManufactureCountry>לא ידוע</ManufactureCountry>
      <ManufactureItemDescription>ליקר שרי 700 מל</ManufactureItemDescription>
      <UnitQty>לא ידוע</UnitQty>
      <Quantity>700.00</Quantity>
      <UnitOfMeasure>100 מ"ל</UnitOfMeasure>
      <bIsWeighted>0</bIsWeighted>
      <QtyInPackage>לא ידוע</QtyInPackage>
      <ItemPrice>99.90</ItemPrice>
      <UnitOfMeasurePrice>0.14</UnitOfMeasurePrice>
      <AllowDiscount>1</AllowDiscount>
      <ItemStatus>2</ItemStatus>
    </Item>
    <Item>
      <PriceUpdateTime>2024-12-10T16:07:58.000</PriceUpdateTime>
      <ItemCode>7290008802512</ItemCode>
      <LastSaleDateTime>2026-01-29T14:47:07.000</LastSaleDateTime>
      <ItemType>1</ItemType>
      <ItemName>יין וינו אדום יקבי כ</ItemName>
      <ManufactureName>כרמל מזרחי</ManufactureName>
      <ManufactureCountry>לא ידוע</ManufactureCountry>
      <ManufactureItemDescription>יין וינו אדום יקבי כ</ManufactureItemDescription>
      <UnitQty>לא ידוע</UnitQty>
      <Quantity>750.00</Quantity>
      <UnitOfMeasure>100 מ"ל</UnitOfMeasure>
      <bIsWeighted>0</bIsWeighted>
      <QtyInPackage>לא ידוע</QtyInPackage>
      <ItemPrice>21.90</ItemPrice>
      <UnitOfMeasurePrice>0.03</UnitOfMeasurePrice>
      <AllowDiscount>1</AllowDiscount>
      <ItemStatus/>
    </Item>
    <Item>
      <PriceUpdateTime>2024-12-10T16:07:58.000</PriceUpdateTime>
      <ItemCode>7290008802529</ItemCode>
      <LastSaleDateTime>2026-01-29T12:21:40.000</LastSaleDateTime>
      <ItemType>1</ItemType>
      <ItemName>יין וינו לבן יקבי כר</ItemName>
      <ManufactureName>כרמל מזרחי</ManufactureName>
      <ManufactureCountry>לא ידוע</ManufactureCountry>
      <ManufactureItemDescription>יין וינו לבן יקבי כר</ManufactureItemDescription>
      <UnitQty>לא ידוע</UnitQty>
      <Quantity>750.00</Quantity>
      <UnitOfMeasure>100 מ"ל</UnitOfMeasure>
      <bIsWeighted>0</bIsWeighted>
      <QtyInPackage>לא ידוע</QtyInPackage>
      <ItemPrice>21.90</ItemPrice>
      <UnitOfMeasurePrice>0.03</UnitOfMeasurePrice>
      <AllowDiscount>1</AllowDiscount>
      <ItemStatus/>
    </Item>
    <Item>
      <PriceUpdateTime>2024-12-10T16:07:59.000</PriceUpdateTime>
      <ItemCode>7290017812861</ItemCode>
      <LastSaleDateTime>2026-01-29T11:41:17.000</LastSaleDateTime>
      <ItemType>1</ItemType>
      <ItemName>יין וינו לבן יקבי כר</ItemName>
      <ManufactureName>לא ידוע</ManufactureName>
      <ManufactureCountry>לא ידוע</ManufactureCountry>
      <ManufactureItemDescription>יין וינו לבן יקבי כר</ManufactureItemDescription>
      <UnitQty>לא ידוע</UnitQty>
      <Quantity>750.00</Quantity>
      <UnitOfMeasure>100 מ"ל</UnitOfMeasure>
      <bIsWeighted>0</bIsWeighted>
      <QtyInPackage>לא ידוע</QtyInPackage>
      <ItemPrice>21.90</ItemPrice>
      <UnitOfMeasurePrice>0.03</UnitOfMeasurePrice>
      <AllowDiscount>1</AllowDiscount>
      <ItemStatus/>
    </Item>
    <Item>
      <PriceUpdateTime>2024-12-12T12:51:19.000</PriceUpdateTime>
      <ItemCode>4022025001752</ItemCode>
      <LastSaleDateTime>2026-01-09T11:46:29.000</LastSaleDateTime>
      <ItemType>1</ItemType>
      <ItemName>בלו נאן כשר מבעבע חצ</ItemName>
      <ManufactureName>לא ידוע</ManufactureName>
      <ManufactureCountry>לא ידוע</ManufactureCountry>
      <ManufactureItemDescription>בלו נאן כשר מבעבע חצ</ManufactureItemDescription>
      <UnitQty>מטרים</UnitQty>
      <Quantity>750.00</Quantity>
      <UnitOfMeasure>100 מ'ל</UnitOfMeasure>
      <bIsWeighted>0</bIsWeighted>
      <QtyInPackage>לא ידוע</QtyInPackage>
      <ItemPrice>49.90</ItemPrice>
      <UnitOfMeasurePrice>0.07</UnitOfMeasurePrice>
      <AllowDiscount>1</AllowDiscount>
      <ItemStatus/>
    </Item>
    <Item>
      <PriceUpdateTime>2024-12-16T10:46:39.000</PriceUpdateTime>
      <ItemCode>7290014910461</ItemCode>
      <LastSaleDateTime>2015-01-01T00:00:00.000</LastSaleDateTime>
      <ItemType>1</ItemType>
      <ItemName>ערק יהודה 700מל</ItemName>
      <ManufactureName>לא ידוע</ManufactureName>
      <ManufactureCountry>לא ידוע</ManufactureCountry>
      <ManufactureItemDescription>ערק יהודה 700מל</ManufactureItemDescription>
      <UnitQty>מטרים</UnitQty>
      <Quantity>700.00</Quantity>
      <UnitOfMeasure>100 מ'ל</UnitOfMeasure>
      <bIsWeighted>0</bIsWeighted>
      <QtyInPackage>לא ידוע</QtyInPackage>
      <ItemPrice>64.90</ItemPrice>
      <UnitOfMeasurePrice>0.09</UnitOfMeasurePrice>
      <AllowDiscount>1</AllowDiscount>
      <ItemStatus>2</ItemStatus>
    </Item>
    <Item>
      <PriceUpdateTime>2024-12-18T10:30:26.000</PriceUpdateTime>
      <ItemCode>7290008670913</ItemCode>
      <LastSaleDateTime>2026-01-13T20:09:15.000</LastSaleDateTime>
      <ItemType>1</ItemType>
      <ItemName>יין רקאנטי קברנה סוב</ItemName>
      <ManufactureName>לא ידוע</ManufactureName>
      <ManufactureCountry>לא ידוע</ManufactureCountry>
      <ManufactureItemDescription>יין רקאנטי קברנה סוב</ManufactureItemDescription>
      <UnitQty>מטרים</UnitQty>
      <Quantity>750.00</Quantity>
      <UnitOfMeasure>100 מ'ל</UnitOfMeasure>
      <bIsWeighted>0</bIsWeighted>
      <QtyInPackage>לא ידוע</QtyInPackage>
      <ItemPrice>49.90</ItemPrice>
      <UnitOfMeasurePrice>0.07</UnitOfMeasurePrice>
      <AllowDiscount>1</AllowDiscount>
      <ItemStatus/>
    </Item>
    <Item>
      <PriceUpdateTime>2024-12-18T10:31:29.000</PriceUpdateTime>
      <ItemCode>7290008670920</ItemCode>
      <LastSaleDateTime>2026-01-22T19:31:12.000</LastSaleDateTime>
      <ItemType>1</ItemType>
      <ItemName>רקאנטי גליל עליון מר</ItemName>
      <ManufactureName>לא ידוע</ManufactureName>
      <ManufactureCountry>לא ידוע</ManufactureCountry>
      <ManufactureItemDescription>רקאנטי גליל עליון מר</ManufactureItemDescription>
      <UnitQty>מטרים</UnitQty>
      <Quantity>750.00</Quantity>
      <UnitOfMeasure>100 מ'ל</UnitOfMeasure>
      <bIsWeighted>0</bIsWeighted>
      <QtyInPackage>לא ידוע</QtyInPackage>
      <ItemPrice>49.90</ItemPrice>
      <UnitOfMeasurePrice>0.07</UnitOfMeasurePrice>
      <AllowDiscount>1</AllowDiscount>
      <ItemStatus/>
    </Item>
    <Item>
      <PriceUpdateTime>2024-12-18T10:31:29.000</PriceUpdateTime>
      <ItemCode>7290008670937</ItemCode>
      <LastSaleDateTime>2026-01-29T10:26:24.000</LastSaleDateTime>
      <ItemType>1</ItemType>
      <ItemName>רקנאטי סירה 750 מל</ItemName>
      <ManufactureName>לא ידוע</ManufactureName>
      <ManufactureCountry>לא ידוע</ManufactureCountry>
      <ManufactureItemDescription>רקנאטי סירה 750 מל</ManufactureItemDescription>
      <UnitQty>מטרים</UnitQty>
      <Quantity>750.00</Quantity>
      <UnitOfMeasure>100 מ'ל</UnitOfMeasure>
      <bIsWeighted>0</bIsWeighted>
      <QtyInPackage>לא ידוע</QtyInPackage>
      <ItemPrice>49.90</ItemPrice>
      <UnitOfMeasurePrice>0.07</UnitOfMeasurePrice>
      <AllowDiscount>1</AllowDiscount>
      <ItemStatus/>
    </Item>
    <Item>
      <PriceUpdateTime>2025-01-01T13:25:23.000</PriceUpdateTime>
      <ItemCode>7290016717754</ItemCode>
      <LastSaleDateTime>2026-01-28T09:48:20.000</LastSaleDateTime>
      <ItemType>1</ItemType>
      <ItemName>יין ישן נושן יקבי כר</ItemName>
      <ManufactureName>לא ידוע</ManufactureName>
      <ManufactureCountry>לא ידוע</ManufactureCountry>
      <ManufactureItemDescription>יין ישן נושן יקבי כר</ManufactureItemDescription>
      <UnitQty>לא ידוע</UnitQty>
      <Quantity>750.00</Quantity>
      <UnitOfMeasure>100 מ"ל</UnitOfMeasure>
      <bIsWeighted>0</bIsWeighted>
      <QtyInPackage>לא ידוע</QtyInPackage>
      <ItemPrice>19.10</ItemPrice>
      <UnitOfMeasurePrice>0.03</UnitOfMeasurePrice>
      <AllowDiscount>1</AllowDiscount>
      <ItemStatus/>
    </Item>
    <Item>
      <PriceUpdateTime>2025-01-01T13:25:23.000</PriceUpdateTime>
      <ItemCode>7290017812373</ItemCode>
      <LastSaleDateTime>2015-01-01T00:00:00.000</LastSaleDateTime>
      <ItemType>1</ItemType>
      <ItemName>שרדונה 375מל P.C</ItemName>
      <ManufactureName>לא ידוע</ManufactureName>
      <ManufactureCountry>לא ידוע</ManufactureCountry>
      <ManufactureItemDescription>שרדונה 375מל P.C</ManufactureItemDescription>
      <UnitQty>לא ידוע</UnitQty>
      <Quantity>375.00</Quantity>
      <UnitOfMeasure>100 מ"ל</UnitOfMeasure>
      <bIsWeighted>0</bIsWeighted>
      <QtyInPackage>לא ידוע</QtyInPackage>
      <ItemPrice>20.10</ItemPrice>
      <UnitOfMeasurePrice>0.05</UnitOfMeasurePrice>
      <AllowDiscount>1</AllowDiscount>
      <ItemStatus>2</ItemStatus>
    </Item>
    <Item>
      <PriceUpdateTime>2025-01-01T13:25:24.000</PriceUpdateTime>
      <ItemCode>7290018294383</ItemCode>
      <LastSaleDateTime>2015-01-01T00:00:00.000</LastSaleDateTime>
      <ItemType>1</ItemType>
      <ItemName>פינו גרי 750מ סדרה א</ItemName>
      <ManufactureName>לא ידוע</ManufactureName>
      <ManufactureCountry>לא ידוע</ManufactureCountry>
      <ManufactureItemDescription>פינו גרי 750מ סדרה א</ManufactureItemDescription>
      <UnitQty>לא ידוע</UnitQty>
      <Quantity>750.00</Quantity>
      <UnitOfMeasure>100 מ"ל</UnitOfMeasure>
      <bIsWeighted>0</bIsWeighted>
      <QtyInPackage>לא ידוע</QtyInPackage>
      <ItemPrice>55.40</ItemPrice>
      <UnitOfMeasurePrice>0.07</UnitOfMeasurePrice>
      <AllowDiscount>1</AllowDiscount>
      <ItemStatus>2</ItemStatus>
    </Item>
    <Item>
      <PriceUpdateTime>2025-01-01T13:25:24.000</PriceUpdateTime>
      <ItemCode>7290018294895</ItemCode>
      <LastSaleDateTime>2026-01-18T16:21:48.000</LastSaleDateTime>
      <ItemType>1</ItemType>
      <ItemName>יין מונלייט לבן חצי</ItemName>
      <ManufactureName>לא ידוע</ManufactureName>
      <ManufactureCountry>לא ידוע</ManufactureCountry>
      <ManufactureItemDescription>יין מונלייט לבן חצי</ManufactureItemDescription>
      <UnitQty>לא ידוע</UnitQty>
      <Quantity>750.00</Quantity>
      <UnitOfMeasure>100 מ"ל</UnitOfMeasure>
      <bIsWeighted>0</bIsWeighted>
      <QtyInPackage>לא ידוע</QtyInPackage>
      <ItemPrice>34.30</ItemPrice>
      <UnitOfMeasurePrice>0.05</UnitOfMeasurePrice>
      <AllowDiscount>1</AllowDiscount>
      <ItemStatus/>
    </Item>
    <Item>
      <PriceUpdateTime>2025-01-01T13:25:24.000</PriceUpdateTime>
      <ItemCode>7290018294901</ItemCode>
      <LastSaleDateTime>2015-01-01T00:00:00.000</LastSaleDateTime>
      <ItemType>1</ItemType>
      <ItemName>יין מונלייט אדום יבש</ItemName>
      <ManufactureName>לא ידוע</ManufactureName>
      <ManufactureCountry>לא ידוע</ManufactureCountry>
      <ManufactureItemDescription>יין מונלייט אדום יבש</ManufactureItemDescription>
      <UnitQty>לא ידוע</UnitQty>
      <Quantity>750.00</Quantity>
      <UnitOfMeasure>100 מ"ל</UnitOfMeasure>
      <bIsWeighted>0</bIsWeighted>
      <QtyInPackage>לא ידוע</QtyInPackage>
      <ItemPrice>34.30</ItemPrice>
      <UnitOfMeasurePrice>0.05</UnitOfMeasurePrice>
      <AllowDiscount>1</AllowDiscount>
      <ItemStatus>2</ItemStatus>
    </Item>
    <Item>
      <PriceUpdateTime>2025-01-01T13:25:24.000</PriceUpdateTime>
      <ItemCode>7290018294918</ItemCode>
      <LastSaleDateTime>2026-01-16T13:20:58.000</LastSaleDateTime>
      <ItemType>1</ItemType>
      <ItemName>יין מונלייט מוסקטו ו</ItemName>
      <ManufactureName>לא ידוע</ManufactureName>
      <ManufactureCountry>לא ידוע</ManufactureCountry>
      <ManufactureItemDescription>יין מונלייט מוסקטו ו</ManufactureItemDescription>
      <UnitQty>לא ידוע</UnitQty>
      <Quantity>750.00</Quantity>
      <UnitOfMeasure>100 מ"ל</UnitOfMeasure>
      <bIsWeighted>0</bIsWeighted>
      <QtyInPackage>לא ידוע</QtyInPackage>
      <ItemPrice>34.30</ItemPrice>
      <UnitOfMeasurePrice>0.05</UnitOfMeasurePrice>
      <AllowDiscount>1</AllowDiscount>
      <ItemStatus/>
    </Item>
    <Item>
      <PriceUpdateTime>2025-01-01T13:25:24.000</PriceUpdateTime>
      <ItemCode>7290019302803</ItemCode>
      <LastSaleDateTime>2015-01-01T00:00:00.000</LastSaleDateTime>
      <ItemType>1</ItemType>
      <ItemName>מארז בירה אלכסנדר 5</ItemName>
      <ManufactureName>לא ידוע</ManufactureName>
      <ManufactureCountry>לא ידוע</ManufactureCountry>
      <ManufactureItemDescription>מארז בירה אלכסנדר 5</ManufactureItemDescription>
      <UnitQty>ליטר</UnitQty>
      <Quantity>1.65</Quantity>
      <UnitOfMeasure>ליטר    </UnitOfMeasure>
      <bIsWeighted>0</bIsWeighted>
      <QtyInPackage>לא ידוע</QtyInPackage>
      <ItemPrice>48.40</ItemPrice>
      <UnitOfMeasurePrice>29.33</UnitOfMeasurePrice>
      <AllowDiscount>1</AllowDiscount>
      <ItemStatus>2</ItemStatus>
    </Item>
    <Item>
      <PriceUpdateTime>2025-01-01T13:25:37.000</PriceUpdateTime>
      <ItemCode>7290018194256</ItemCode>
      <LastSaleDateTime>2026-01-29T11:03:01.000</LastSaleDateTime>
      <ItemType>1</ItemType>
      <ItemName>עארק טעם לימון</ItemName>
      <ManufactureName>לא ידוע</ManufactureName>
      <ManufactureCountry>לא ידוע</ManufactureCountry>
      <ManufactureItemDescription>עארק טעם לימון</ManufactureItemDescription>
      <UnitQty>לא ידוע</UnitQty>
      <Quantity>700.00</Quantity>
      <UnitOfMeasure>100 מ"ל</UnitOfMeasure>
      <bIsWeighted>0</bIsWeighted>
      <QtyInPackage>לא ידוע</QtyInPackage>
      <ItemPrice>40.30</ItemPrice>
      <UnitOfMeasurePrice>0.06</UnitOfMeasurePrice>
      <AllowDiscount>1</AllowDiscount>
      <ItemStatus/>
    </Item>
    <Item>
      <PriceUpdateTime>2025-01-01T13:25:37.000</PriceUpdateTime>
      <ItemCode>7290018194928</ItemCode>
      <LastSaleDateTime>2015-01-01T00:00:00.000</LastSaleDateTime>
      <ItemType>1</ItemType>
      <ItemName>וודקה T כשלפ 700 מל</ItemName>
      <ManufactureName>לא ידוע</ManufactureName>
      <ManufactureCountry>לא ידוע</ManufactureCountry>
      <ManufactureItemDescription>וודקה T כשלפ 700 מל</ManufactureItemDescription>
      <UnitQty>לא ידוע</UnitQty>
      <Quantity>700.00</Quantity>
      <UnitOfMeasure>100 מ"ל</UnitOfMeasure>
      <bIsWeighted>0</bIsWeighted>
      <QtyInPackage>לא ידוע</QtyInPackage>
      <ItemPrice>80.80</ItemPrice>
      <UnitOfMeasurePrice>0.12</UnitOfMeasurePrice>
      <AllowDiscount>1</AllowDiscount>
      <ItemStatus>2</ItemStatus>
    </Item>
    <Item>
      <PriceUpdateTime>2025-01-01T13:59:32.000</PriceUpdateTime>
      <ItemCode>4105120624412</ItemCode>
      <LastSaleDateTime>2015-01-01T00:00:00.000</LastSaleDateTime>
      <ItemType>1</ItemType>
      <ItemName>ויינשטפן ויטוס בקבוק</ItemName>
      <ManufactureName>לא ידוע</ManufactureName>
      <ManufactureCountry>לא ידוע</ManufactureCountry>
      <ManufactureItemDescription>ויינשטפן ויטוס בקבוק</ManufactureItemDescription>
      <UnitQty>לא ידוע</UnitQty>
      <Quantity>500.00</Quantity>
      <UnitOfMeasure>100 מ"ל</UnitOfMeasure>
      <bIsWeighted>0</bIsWeighted>
      <QtyInPackage>לא ידוע</QtyInPackage>
      <ItemPrice>12.00</ItemPrice>
      <UnitOfMeasurePrice>0.02</UnitOfMeasurePrice>
      <AllowDiscount>1</AllowDiscount>
      <ItemStatus>2</ItemStatus>
    </Item>
    <Item>
      <PriceUpdateTime>2025-01-01T13:59:32.000</PriceUpdateTime>
      <ItemCode>851621000043</ItemCode>
      <LastSaleDateTime>2026-01-29T18:44:52.000</LastSaleDateTime>
      <ItemType>1</ItemType>
      <ItemName>בירת חיטה בהירה 5% ב</ItemName>
      <ManufactureName>לא ידוע</ManufactureName>
      <ManufactureCountry>לא ידוע</ManufactureCountry>
      <ManufactureItemDescription>בירת חיטה בהירה 5% ב</ManufactureItemDescription>
      <UnitQty>יחידות</UnitQty>
      <Quantity>0.00</Quantity>
      <UnitOfMeasure>יחידה   </UnitOfMeasure>
      <bIsWeighted>0</bIsWeighted>
      <QtyInPackage>לא ידוע</QtyInPackage>
      <ItemPrice>10.00</ItemPrice>
      <UnitOfMeasurePrice>0.00</UnitOfMeasurePrice>
      <AllowDiscount>1</AllowDiscount>
      <ItemStatus/>
    </Item>
    <Item>
      <PriceUpdateTime>2025-01-01T13:59:56.000</PriceUpdateTime>
      <ItemCode>3760125946719</ItemCode>
      <LastSaleDateTime>2015-01-01T00:00:00.000</LastSaleDateTime>
      <ItemType>1</ItemType>
      <ItemName>רוזה כשר אור דה לה ק</ItemName>
      <ManufactureName>לא ידוע</ManufactureName>
      <ManufactureCountry>לא ידוע</ManufactureCountry>
      <ManufactureItemDescription>רוזה כשר אור דה לה ק</ManufactureItemDescription>
      <UnitQty>לא ידוע</UnitQty>
      <Quantity>750.00</Quantity>
      <UnitOfMeasure>100 מ"ל</UnitOfMeasure>
      <bIsWeighted>0</bIsWeighted>
      <QtyInPackage>לא ידוע</QtyInPackage>
      <ItemPrice>55.50</ItemPrice>
      <UnitOfMeasurePrice>0.07</UnitOfMeasurePrice>
      <AllowDiscount>1</AllowDiscount>
      <ItemStatus>2</ItemStatus>
    </Item>
    <Item>
      <PriceUpdateTime>2025-01-01T13:59:56.000</PriceUpdateTime>
      <ItemCode>42061946</ItemCode>
      <LastSaleDateTime>2015-01-01T00:00:00.000</LastSaleDateTime>
      <ItemType>1</ItemType>
      <ItemName>בירה ללא אלכוהול בקס</ItemName>
      <ManufactureName>באקס</ManufactureName>
      <ManufactureCountry>לא ידוע</ManufactureCountry>
      <ManufactureItemDescription>בירה ללא אלכוהול בקס</ManufactureItemDescription>
      <UnitQty>לא ידוע</UnitQty>
      <Quantity>330.00</Quantity>
      <UnitOfMeasure>100 מ"ל</UnitOfMeasure>
      <bIsWeighted>0</bIsWeighted>
      <QtyInPackage>לא ידוע</QtyInPackage>
      <ItemPrice>6.00</ItemPrice>
      <UnitOfMeasurePrice>0.02</UnitOfMeasurePrice>
      <AllowDiscount>1</AllowDiscount>
      <ItemStatus>2</ItemStatus>
    </Item>
    <Item>
      <PriceUpdateTime>2025-01-01T13:59:58.000</PriceUpdateTime>
      <ItemCode>5410228267508</ItemCode>
      <LastSaleDateTime>2015-01-01T00:00:00.000</LastSaleDateTime>
      <ItemType>1</ItemType>
      <ItemName>בירה בדוויזר 330 מל</ItemName>
      <ManufactureName>לא ידוע</ManufactureName>
      <ManufactureCountry>לא ידוע</ManufactureCountry>
      <ManufactureItemDescription>בירה בדוויזר 330 מל</ManufactureItemDescription>
      <UnitQty>לא ידוע</UnitQty>
      <Quantity>1.00</Quantity>
      <UnitOfMeasure>יח'</UnitOfMeasure>
      <bIsWeighted>0</bIsWeighted>
      <QtyInPackage>לא ידוע</QtyInPackage>
      <ItemPrice>6.90</ItemPrice>
      <UnitOfMeasurePrice>6.90</UnitOfMeasurePrice>
      <AllowDiscount>1</AllowDiscount>
      <ItemStatus>2</ItemStatus>
    </Item>
    <Item>
      <PriceUpdateTime>2025-01-01T13:59:59.000</PriceUpdateTime>
      <ItemCode>7290004494049</ItemCode>
      <LastSaleDateTime>2015-01-01T00:00:00.000</LastSaleDateTime>
      <ItemType>1</ItemType>
      <ItemName>גליל סוביניון בלאן (</ItemName>
      <ManufactureName>לא ידוע</ManufactureName>
      <ManufactureCountry>לא ידוע</ManufactureCountry>
      <ManufactureItemDescription>גליל סוביניון בלאן (</ManufactureItemDescription>
      <UnitQty>לא ידוע</UnitQty>
      <Quantity>750.00</Quantity>
      <UnitOfMeasure>100 מ"ל</UnitOfMeasure>
      <bIsWeighted>0</bIsWeighted>
      <QtyInPackage>לא ידוע</QtyInPackage>
      <ItemPrice>59.50</ItemPrice>
      <UnitOfMeasurePrice>0.08</UnitOfMeasurePrice>
      <AllowDiscount>1</AllowDiscount>
      <ItemStatus>2</ItemStatus>
    </Item>
    <Item>
      <PriceUpdateTime>2025-01-01T13:59:59.000</PriceUpdateTime>
      <ItemCode>7290004494100</ItemCode>
      <LastSaleDateTime>2025-11-04T00:00:00.000</LastSaleDateTime>
      <ItemType>1</ItemType>
      <ItemName>כנען אדום מבושל (דלת</ItemName>
      <ManufactureName>לא ידוע</ManufactureName>
      <ManufactureCountry>לא ידוע</ManufactureCountry>
      <ManufactureItemDescription>כנען אדום מבושל (דלת</ManufactureItemDescription>
      <UnitQty>לא ידוע</UnitQty>
      <Quantity>750.00</Quantity>
      <UnitOfMeasure>100 מ"ל</UnitOfMeasure>
      <bIsWeighted>0</bIsWeighted>
      <QtyInPackage>לא ידוע</QtyInPackage>
      <ItemPrice>40.30</ItemPrice>
      <UnitOfMeasurePrice>0.05</UnitOfMeasurePrice>
      <AllowDiscount>1</AllowDiscount>
      <ItemStatus/>
    </Item>
    <Item>
      <PriceUpdateTime>2025-01-01T13:59:59.000</PriceUpdateTime>
      <ItemCode>7290004494117</ItemCode>
      <LastSaleDateTime>2015-01-01T00:00:00.000</LastSaleDateTime>
      <ItemType>1</ItemType>
      <ItemName>כנען לבן מבושל (דלתו</ItemName>
      <ManufactureName>דלתון</ManufactureName>
      <ManufactureCountry>ישראל</ManufactureCountry>
      <ManufactureItemDescription>יובלים אדום (דלתון) - רשת</ManufactureItemDescription>
      <UnitQty>לא ידוע</UnitQty>
      <Quantity>750.00</Quantity>
      <UnitOfMeasure>100 מ"ל</UnitOfMeasure>
      <bIsWeighted>0</bIsWeighted>
      <QtyInPackage>לא ידוע</QtyInPackage>
      <ItemPrice>40.30</ItemPrice>
      <UnitOfMeasurePrice>0.05</UnitOfMeasurePrice>
      <AllowDiscount>1</AllowDiscount>
      <ItemStatus>2</ItemStatus>
    </Item>
    <Item>
      <PriceUpdateTime>2025-01-01T14:00:00.000</PriceUpdateTime>
      <ItemCode>7290004494131</ItemCode>
      <LastSaleDateTime>2015-01-01T00:00:00.000</LastSaleDateTime>
      <ItemType>1</ItemType>
      <ItemName>גליל קברנה סוביניון</ItemName>
      <ManufactureName>לא ידוע</ManufactureName>
      <ManufactureCountry>לא ידוע</ManufactureCountry>
      <ManufactureItemDescription>גליל קברנה סוביניון</ManufactureItemDescription>
      <UnitQty>לא ידוע</UnitQty>
      <Quantity>750.00</Quantity>
      <UnitOfMeasure>100 מ"ל</UnitOfMeasure>
      <bIsWeighted>0</bIsWeighted>
      <QtyInPackage>לא ידוע</QtyInPackage>
      <ItemPrice>59.50</ItemPrice>
      <UnitOfMeasurePrice>0.08</UnitOfMeasurePrice>
      <AllowDiscount>1</AllowDiscount>
      <ItemStatus>2</ItemStatus>
    </Item>
    <Item>
      <PriceUpdateTime>2025-01-01T14:00:00.000</PriceUpdateTime>
      <ItemCode>7290004494148</ItemCode>
      <LastSaleDateTime>2015-01-01T00:00:00.000</LastSaleDateTime>
      <ItemType>1</ItemType>
      <ItemName>גליל מרלו (דלתון)</ItemName>
      <ManufactureName>לא ידוע</ManufactureName>
      <ManufactureCountry>לא ידוע</ManufactureCountry>
      <ManufactureItemDescription>גליל מרלו (דלתון)</ManufactureItemDescription>
      <UnitQty>לא ידוע</UnitQty>
      <Quantity>750.00</Quantity>
      <UnitOfMeasure>100 מ"ל</UnitOfMeasure>
      <bIsWeighted>0</bIsWeighted>
      <QtyInPackage>לא ידוע</QtyInPackage>
      <ItemPrice>59.50</ItemPrice>
      <UnitOfMeasurePrice>0.08</UnitOfMeasurePrice>
      <AllowDiscount>1</AllowDiscount>
      <ItemStatus>2</ItemStatus>
    </Item>
    <Item>
      <PriceUpdateTime>2025-01-01T14:00:00.000</PriceUpdateTime>
      <ItemCode>7290004494377</ItemCode>
      <LastSaleDateTime>2025-12-24T00:00:00.000</LastSaleDateTime>
      <ItemType>1</ItemType>
      <ItemName>גליל שיראז (דלתון)</ItemName>
      <ManufactureName>לא ידוע</ManufactureName>
      <ManufactureCountry>לא ידוע</ManufactureCountry>
      <ManufactureItemDescription>גליל שיראז (דלתון)</ManufactureItemDescription>
      <UnitQty>לא ידוע</UnitQty>
      <Quantity>750.00</Quantity>
      <UnitOfMeasure>100 מ"ל</UnitOfMeasure>
      <bIsWeighted>0</bIsWeighted>
      <QtyInPackage>לא ידוע</QtyInPackage>
      <ItemPrice>59.50</ItemPrice>
      <UnitOfMeasurePrice>0.08</UnitOfMeasurePrice>
      <AllowDiscount>1</AllowDiscount>
      <ItemStatus/>
    </Item>
    <Item>
      <PriceUpdateTime>2025-01-01T14:00:00.000</PriceUpdateTime>
      <ItemCode>7290004494919</ItemCode>
      <LastSaleDateTime>2015-01-01T00:00:00.000</LastSaleDateTime>
      <ItemType>1</ItemType>
      <ItemName>כנען קברנה-שיראז (דל</ItemName>
      <ManufactureName>הכרם</ManufactureName>
      <ManufactureCountry>לא ידוע</ManufactureCountry>
      <ManufactureItemDescription>כנען קברנה-שיראז (דל</ManufactureItemDescription>
      <UnitQty>לא ידוע</UnitQty>
      <Quantity>750.00</Quantity>
      <UnitOfMeasure>100 מ"ל</UnitOfMeasure>
      <bIsWeighted>0</bIsWeighted>
      <QtyInPackage>לא ידוע</QtyInPackage>
      <ItemPrice>40.30</ItemPrice>
      <UnitOfMeasurePrice>0.05</UnitOfMeasurePrice>
      <AllowDiscount>1</AllowDiscount>
      <ItemStatus>2</ItemStatus>
    </Item>
    <Item>
      <PriceUpdateTime>2025-01-01T14:00:01.000</PriceUpdateTime>
      <ItemCode>7290016607772</ItemCode>
      <LastSaleDateTime>2025-10-26T00:00:00.000</LastSaleDateTime>
      <ItemType>1</ItemType>
      <ItemName>גליל רוזה (דלתון)</ItemName>
      <ManufactureName>לא ידוע</ManufactureName>
      <ManufactureCountry>לא ידוע</ManufactureCountry>
      <ManufactureItemDescription>גליל רוזה (דלתון)</ManufactureItemDescription>
      <UnitQty>לא ידוע</UnitQty>
      <Quantity>700.00</Quantity>
      <UnitOfMeasure>100 מ"ל</UnitOfMeasure>
      <bIsWeighted>0</bIsWeighted>
      <QtyInPackage>לא ידוע</QtyInPackage>
      <ItemPrice>59.50</ItemPrice>
      <UnitOfMeasurePrice>0.09</UnitOfMeasurePrice>
      <AllowDiscount>1</AllowDiscount>
      <ItemStatus>2</ItemStatus>
    </Item>
    <Item>
      <PriceUpdateTime>2025-01-01T14:00:01.000</PriceUpdateTime>
      <ItemCode>7804414001621</ItemCode>
      <LastSaleDateTime>2015-01-01T00:00:00.000</LastSaleDateTime>
      <ItemType>1</ItemType>
      <ItemName>קזה די לואיג'י שירז</ItemName>
      <ManufactureName>הכרם</ManufactureName>
      <ManufactureCountry>לא ידוע</ManufactureCountry>
      <ManufactureItemDescription>קזה די לואיג'י שירז</ManufactureItemDescription>
      <UnitQty>לא ידוע</UnitQty>
      <Quantity>750.00</Quantity>
      <UnitOfMeasure>100 מ"ל</UnitOfMeasure>
      <bIsWeighted>0</bIsWeighted>
      <QtyInPackage>לא ידוע</QtyInPackage>
      <ItemPrice>30.20</ItemPrice>
      <UnitOfMeasurePrice>0.04</UnitOfMeasurePrice>
      <AllowDiscount>1</AllowDiscount>
      <ItemStatus>2</ItemStatus>
    </Item>
    <Item>
      <PriceUpdateTime>2025-01-01T14:00:02.000</PriceUpdateTime>
      <ItemCode>7804414017127</ItemCode>
      <LastSaleDateTime>2025-09-29T00:00:00.000</LastSaleDateTime>
      <ItemType>1</ItemType>
      <ItemName>יין שרדונה מונטסאנו</ItemName>
      <ManufactureName>לא ידוע</ManufactureName>
      <ManufactureCountry>לא ידוע</ManufactureCountry>
      <ManufactureItemDescription>יין שרדונה מונטסאנו</ManufactureItemDescription>
      <UnitQty>לא ידוע</UnitQty>
      <Quantity>750.00</Quantity>
      <UnitOfMeasure>100 מ"ל</UnitOfMeasure>
      <bIsWeighted>0</bIsWeighted>
      <QtyInPackage>לא ידוע</QtyInPackage>
      <ItemPrice>36.30</ItemPrice>
      <UnitOfMeasurePrice>0.05</UnitOfMeasurePrice>
      <AllowDiscount>1</AllowDiscount>
      <ItemStatus>2</ItemStatus>
    </Item>
    <Item>
      <PriceUpdateTime>2025-01-01T14:00:02.000</PriceUpdateTime>
      <ItemCode>7804414017134</ItemCode>
      <LastSaleDateTime>2015-01-01T00:00:00.000</LastSaleDateTime>
      <ItemType>1</ItemType>
      <ItemName>מונטסאנו לבן קברנה ס</ItemName>
      <ManufactureName>לא ידוע</ManufactureName>
      <ManufactureCountry>לא ידוע</ManufactureCountry>
      <ManufactureItemDescription>מונטסאנו לבן קברנה ס</ManufactureItemDescription>
      <UnitQty>לא ידוע</UnitQty>
      <Quantity>750.00</Quantity>
      <UnitOfMeasure>100 מ"ל</UnitOfMeasure>
      <bIsWeighted>0</bIsWeighted>
      <QtyInPackage>לא ידוע</QtyInPackage>
      <ItemPrice>36.30</ItemPrice>
      <UnitOfMeasurePrice>0.05</UnitOfMeasurePrice>
      <AllowDiscount>1</AllowDiscount>
      <ItemStatus>2</ItemStatus>
    </Item>
    <Item>
      <PriceUpdateTime>2025-01-01T14:00:02.000</PriceUpdateTime>
      <ItemCode>7804414017141</ItemCode>
      <LastSaleDateTime>2015-01-01T00:00:00.000</LastSaleDateTime>
      <ItemType>1</ItemType>
      <ItemName>יין מרלו מונטסאנו 75</ItemName>
      <ManufactureName>לא ידוע</ManufactureName>
      <ManufactureCountry>לא ידוע</ManufactureCountry>
      <ManufactureItemDescription>יין מרלו מונטסאנו 75</ManufactureItemDescription>
      <UnitQty>לא ידוע</UnitQty>
      <Quantity>750.00</Quantity>
      <UnitOfMeasure>100 מ"ל</UnitOfMeasure>
      <bIsWeighted>0</bIsWeighted>
      <QtyInPackage>לא ידוע</QtyInPackage>
      <ItemPrice>36.30</ItemPrice>
      <UnitOfMeasurePrice>0.05</UnitOfMeasurePrice>
      <AllowDiscount>1</AllowDiscount>
      <ItemStatus>2</ItemStatus>
    </Item>
    <Item>
      <PriceUpdateTime>2025-01-01T14:00:02.000</PriceUpdateTime>
      <ItemCode>7804414014058</ItemCode>
      <LastSaleDateTime>2015-01-01T00:00:00.000</LastSaleDateTime>
      <ItemType>1</ItemType>
      <ItemName>קזה די לואיג'י סובינ</ItemName>
      <ManufactureName>לא ידוע</ManufactureName>
      <ManufactureCountry>לא ידוע</ManufactureCountry>
      <ManufactureItemDescription>קזה די לואיג'י סובינ</ManufactureItemDescription>
      <UnitQty>לא ידוע</UnitQty>
      <Quantity>750.00</Quantity>
      <UnitOfMeasure>100 מ"ל</UnitOfMeasure>
      <bIsWeighted>0</bIsWeighted>
      <QtyInPackage>לא ידוע</QtyInPackage>
      <ItemPrice>25.20</ItemPrice>
      <UnitOfMeasurePrice>0.03</UnitOfMeasurePrice>
      <AllowDiscount>1</AllowDiscount>
      <ItemStatus>2</ItemStatus>
    </Item>
    <Item>
      <PriceUpdateTime>2025-01-01T14:00:02.000</PriceUpdateTime>
      <ItemCode>7804414017219</ItemCode>
      <LastSaleDateTime>2015-01-01T00:00:00.000</LastSaleDateTime>
      <ItemType>1</ItemType>
      <ItemName>יין מאלבק מונטסאנו 7</ItemName>
      <ManufactureName>לא ידוע</ManufactureName>
      <ManufactureCountry>לא ידוע</ManufactureCountry>
      <ManufactureItemDescription>יין מאלבק מונטסאנו 7</ManufactureItemDescription>
      <UnitQty>מטרים</UnitQty>
      <Quantity>750.00</Quantity>
      <UnitOfMeasure>100 מ'ל</UnitOfMeasure>
      <bIsWeighted>0</bIsWeighted>
      <QtyInPackage>לא ידוע</QtyInPackage>
      <ItemPrice>36.30</ItemPrice>
      <UnitOfMeasurePrice>0.05</UnitOfMeasurePrice>
      <AllowDiscount>1</AllowDiscount>
      <ItemStatus>2</ItemStatus>
    </Item>
    <Item>
      <PriceUpdateTime>2025-01-01T14:00:02.000</PriceUpdateTime>
      <ItemCode>7804414021384</ItemCode>
      <LastSaleDateTime>2015-01-01T00:00:00.000</LastSaleDateTime>
      <ItemType>1</ItemType>
      <ItemName>מונטסאנו סוביניון בל</ItemName>
      <ManufactureName>לא ידוע</ManufactureName>
      <ManufactureCountry>לא ידוע</ManufactureCountry>
      <ManufactureItemDescription>מונטסאנו סוביניון בל</ManufactureItemDescription>
      <UnitQty>לא ידוע</UnitQty>
      <Quantity>750.00</Quantity>
      <UnitOfMeasure>100 מ"ל</UnitOfMeasure>
      <bIsWeighted>0</bIsWeighted>
      <QtyInPackage>לא ידוע</QtyInPackage>
      <ItemPrice>36.30</ItemPrice>
      <UnitOfMeasurePrice>0.05</UnitOfMeasurePrice>
      <AllowDiscount>1</AllowDiscount>
      <ItemStatus>2</ItemStatus>
    </Item>
    <Item>
      <PriceUpdateTime>2025-01-01T14:00:03.000</PriceUpdateTime>
      <ItemCode>8002450206508</ItemCode>
      <LastSaleDateTime>2015-01-01T00:00:00.000</LastSaleDateTime>
      <ItemType>1</ItemType>
      <ItemName>קזה די לואיג'י קברנה</ItemName>
      <ManufactureName>לואיס פליפה אדוארדס</ManufactureName>
      <ManufactureCountry>צילה</ManufactureCountry>
      <ManufactureItemDescription>קזה די לואיג'י קברנה כשר</ManufactureItemDescription>
      <UnitQty>לא ידוע</UnitQty>
      <Quantity>750.00</Quantity>
      <UnitOfMeasure>100 מ"ל</UnitOfMeasure>
      <bIsWeighted>0</bIsWeighted>
      <QtyInPackage>לא ידוע</QtyInPackage>
      <ItemPrice>30.20</ItemPrice>
      <UnitOfMeasurePrice>0.04</UnitOfMeasurePrice>
      <AllowDiscount>1</AllowDiscount>
      <ItemStatus>2</ItemStatus>
    </Item>
    <Item>
      <PriceUpdateTime>2025-01-01T14:00:03.000</PriceUpdateTime>
      <ItemCode>8002450206522</ItemCode>
      <LastSaleDateTime>2015-01-01T00:00:00.000</LastSaleDateTime>
      <ItemType>1</ItemType>
      <ItemName>קזה די לואיג'י מרלו</ItemName>
      <ManufactureName>לואיס פליפה אדוארדס</ManufactureName>
      <ManufactureCountry>צילה</ManufactureCountry>
      <ManufactureItemDescription>קזה די לואיג'י מרלו כשר</ManufactureItemDescription>
      <UnitQty>לא ידוע</UnitQty>
      <Quantity>750.00</Quantity>
      <UnitOfMeasure>100 מ"ל</UnitOfMeasure>
      <bIsWeighted>0</bIsWeighted>
      <QtyInPackage>לא ידוע</QtyInPackage>
      <ItemPrice>30.20</ItemPrice>
      <UnitOfMeasurePrice>0.04</UnitOfMeasurePrice>
      <AllowDiscount>1</AllowDiscount>
      <ItemStatus>2</ItemStatus>
    </Item>
    <Item>
      <PriceUpdateTime>2025-01-01T14:01:49.000</PriceUpdateTime>
      <ItemCode>7290018810064</ItemCode>
      <LastSaleDateTime>2015-01-01T00:00:00.000</LastSaleDateTime>
      <ItemType>1</ItemType>
      <ItemName>קאווה צ'ילינג יבש מב</ItemName>
      <ManufactureName>לא ידוע</ManufactureName>
      <ManufactureCountry>לא ידוע</ManufactureCountry>
      <ManufactureItemDescription>קאווה צ'ילינג יבש מב</ManufactureItemDescription>
      <UnitQty>לא ידוע</UnitQty>
      <Quantity>750.00</Quantity>
      <UnitOfMeasure>100 מ"ל</UnitOfMeasure>
      <bIsWeighted>0</bIsWeighted>
      <QtyInPackage>לא ידוע</QtyInPackage>
      <ItemPrice>33.30</ItemPrice>
      <UnitOfMeasurePrice>0.04</UnitOfMeasurePrice>
      <AllowDiscount>1</AllowDiscount>
      <ItemStatus>2</ItemStatus>
    </Item>
    <Item>
      <PriceUpdateTime>2025-01-01T14:01:49.000</PriceUpdateTime>
      <ItemCode>7290018810262</ItemCode>
      <LastSaleDateTime>2015-01-01T00:00:00.000</LastSaleDateTime>
      <ItemType>1</ItemType>
      <ItemName>קאווה צ'ילינג חצי יב</ItemName>
      <ManufactureName>לא ידוע</ManufactureName>
      <ManufactureCountry>לא ידוע</ManufactureCountry>
      <ManufactureItemDescription>קאווה צ'ילינג חצי יב</ManufactureItemDescription>
      <UnitQty>לא ידוע</UnitQty>
      <Quantity>750.00</Quantity>
      <UnitOfMeasure>100 מ"ל</UnitOfMeasure>
      <bIsWeighted>0</bIsWeighted>
      <QtyInPackage>לא ידוע</QtyInPackage>
      <ItemPrice>33.30</ItemPrice>
      <UnitOfMeasurePrice>0.04</UnitOfMeasurePrice>
      <AllowDiscount>1</AllowDiscount>
      <ItemStatus>2</ItemStatus>
    </Item>
    <Item>
      <PriceUpdateTime>2025-01-01T14:03:26.000</PriceUpdateTime>
      <ItemCode>7290003208128</ItemCode>
      <LastSaleDateTime>2025-12-31T15:48:14.000</LastSaleDateTime>
      <ItemType>1</ItemType>
      <ItemName>קאווה גודופרדו ברוט</ItemName>
      <ManufactureName>לא ידוע</ManufactureName>
      <ManufactureCountry>לא ידוע</ManufactureCountry>
      <ManufactureItemDescription>קאווה גודופרדו ברוט</ManufactureItemDescription>
      <UnitQty>לא ידוע</UnitQty>
      <Quantity>1.00</Quantity>
      <UnitOfMeasure>יח'</UnitOfMeasure>
      <bIsWeighted>0</bIsWeighted>
      <QtyInPackage>לא ידוע</QtyInPackage>
      <ItemPrice>37.30</ItemPrice>
      <UnitOfMeasurePrice>37.30</UnitOfMeasurePrice>
      <AllowDiscount>1</AllowDiscount>
      <ItemStatus/>
    </Item>
    <Item>
      <PriceUpdateTime>2025-01-01T14:03:27.000</PriceUpdateTime>
      <ItemCode>8000570283607</ItemCode>
      <LastSaleDateTime>2026-01-13T21:31:01.000</LastSaleDateTime>
      <ItemType>1</ItemType>
      <ItemName>יין מבעבע מרטיני אסט</ItemName>
      <ManufactureName>לא ידוע</ManufactureName>
      <ManufactureCountry>לא ידוע</ManufactureCountry>
      <ManufactureItemDescription>יין מבעבע מרטיני אסט</ManufactureItemDescription>
      <UnitQty>לא ידוע</UnitQty>
      <Quantity>750.00</Quantity>
      <UnitOfMeasure>100 מ"ל</UnitOfMeasure>
      <bIsWeighted>0</bIsWeighted>
      <QtyInPackage>לא ידוע</QtyInPackage>
      <ItemPrice>72.70</ItemPrice>
      <UnitOfMeasurePrice>0.10</UnitOfMeasurePrice>
      <AllowDiscount>1</AllowDiscount>
      <ItemStatus/>
    </Item>
    <Item>
      <PriceUpdateTime>2025-01-01T14:03:27.000</PriceUpdateTime>
      <ItemCode>8017450002104</ItemCode>
      <LastSaleDateTime>2025-12-07T00:00:00.000</LastSaleDateTime>
      <ItemType>1</ItemType>
      <ItemName>לימונצ'לו די קאפרי 7</ItemName>
      <ManufactureName>לא ידוע</ManufactureName>
      <ManufactureCountry>לא ידוע</ManufactureCountry>
      <ManufactureItemDescription>לימונצ'לו די קאפרי 7</ManufactureItemDescription>
      <UnitQty>לא ידוע</UnitQty>
      <Quantity>700.00</Quantity>
      <UnitOfMeasure>100 מ"ל</UnitOfMeasure>
      <bIsWeighted>0</bIsWeighted>
      <QtyInPackage>לא ידוע</QtyInPackage>
      <ItemPrice>99.90</ItemPrice>
      <UnitOfMeasurePrice>0.14</UnitOfMeasurePrice>
      <AllowDiscount>1</AllowDiscount>
      <ItemStatus/>
    </Item>
    <Item>
      <PriceUpdateTime>2025-01-01T16:34:29.000</PriceUpdateTime>
      <ItemCode>4015576156835</ItemCode>
      <LastSaleDateTime>2015-01-01T00:00:00.000</LastSaleDateTime>
      <ItemType>1</ItemType>
      <ItemName>בירה בהירה לא מסוננת</ItemName>
      <ManufactureName>לא ידוע</ManufactureName>
      <ManufactureCountry>לא ידוע</ManufactureCountry>
      <ManufactureItemDescription>בירה בהירה לא מסוננת</ManufactureItemDescription>
      <UnitQty>לא ידוע</UnitQty>
      <Quantity>500.00</Quantity>
      <UnitOfMeasure>100 מ"ל</UnitOfMeasure>
      <bIsWeighted>0</bIsWeighted>
      <QtyInPackage>לא ידוע</QtyInPackage>
      <ItemPrice>8.00</ItemPrice>
      <UnitOfMeasurePrice>0.02</UnitOfMeasurePrice>
      <AllowDiscount>1</AllowDiscount>
      <ItemStatus>2</ItemStatus>
    </Item>
    <Item>
      <PriceUpdateTime>2025-01-01T16:34:29.000</PriceUpdateTime>
      <ItemCode>4015576235493</ItemCode>
      <LastSaleDateTime>2015-01-01T00:00:00.000</LastSaleDateTime>
      <ItemType>1</ItemType>
      <ItemName>בירה בהירה הל BERLIN</ItemName>
      <ManufactureName>לא ידוע</ManufactureName>
      <ManufactureCountry>לא ידוע</ManufactureCountry>
      <ManufactureItemDescription>בירה בהירה הל BERLIN</ManufactureItemDescription>
      <UnitQty>לא ידוע</UnitQty>
      <Quantity>500.00</Quantity>
      <UnitOfMeasure>100 מ"ל</UnitOfMeasure>
      <bIsWeighted>0</bIsWeighted>
      <QtyInPackage>לא ידוע</QtyInPackage>
      <ItemPrice>8.00</ItemPrice>
      <UnitOfMeasurePrice>0.02</UnitOfMeasurePrice>
      <AllowDiscount>1</AllowDiscount>
      <ItemStatus>2</ItemStatus>
    </Item>
    <Item>
      <PriceUpdateTime>2025-01-01T16:34:29.000</PriceUpdateTime>
      <ItemCode>4740098079309</ItemCode>
      <LastSaleDateTime>2015-01-01T00:00:00.000</LastSaleDateTime>
      <ItemType>1</ItemType>
      <ItemName>סיידר אוכמניות 4.5%</ItemName>
      <ManufactureName>לא ידוע</ManufactureName>
      <ManufactureCountry>לא ידוע</ManufactureCountry>
      <ManufactureItemDescription>סיידר אוכמניות 4.5%</ManufactureItemDescription>
      <UnitQty>לא ידוע</UnitQty>
      <Quantity>500.00</Quantity>
      <UnitOfMeasure>100 מ"ל</UnitOfMeasure>
      <bIsWeighted>0</bIsWeighted>
      <QtyInPackage>לא ידוע</QtyInPackage>
      <ItemPrice>7.90</ItemPrice>
      <UnitOfMeasurePrice>0.02</UnitOfMeasurePrice>
      <AllowDiscount>1</AllowDiscount>
      <ItemStatus>2</ItemStatus>
    </Item>
    <Item>
      <PriceUpdateTime>2025-01-01T16:34:29.000</PriceUpdateTime>
      <ItemCode>4740098079316</ItemCode>
      <LastSaleDateTime>2015-01-01T00:00:00.000</LastSaleDateTime>
      <ItemType>1</ItemType>
      <ItemName>פיז סיידר תות שדה 4.</ItemName>
      <ManufactureName>לא ידוע</ManufactureName>
      <ManufactureCountry>לא ידוע</ManufactureCountry>
      <ManufactureItemDescription>פיז סיידר תות שדה 4.</ManufactureItemDescription>
      <UnitQty>לא ידוע</UnitQty>
      <Quantity>500.00</Quantity>
      <UnitOfMeasure>100 מ"ל</UnitOfMeasure>
      <bIsWeighted>0</bIsWeighted>
      <QtyInPackage>לא ידוע</QtyInPackage>
      <ItemPrice>7.90</ItemPrice>
      <UnitOfMeasurePrice>0.02</UnitOfMeasurePrice>
      <AllowDiscount>1</AllowDiscount>
      <ItemStatus>2</ItemStatus>
    </Item>
    <Item>
      <PriceUpdateTime>2025-01-01T16:34:29.000</PriceUpdateTime>
      <ItemCode>4740098079323</ItemCode>
      <LastSaleDateTime>2015-01-01T00:00:00.000</LastSaleDateTime>
      <ItemType>1</ItemType>
      <ItemName>סיידר בטעם אגס 4.5%</ItemName>
      <ManufactureName>לא ידוע</ManufactureName>
      <ManufactureCountry>לא ידוע</ManufactureCountry>
      <ManufactureItemDescription>סיידר בטעם אגס 4.5%</ManufactureItemDescription>
      <UnitQty>לא ידוע</UnitQty>
      <Quantity>500.00</Quantity>
      <UnitOfMeasure>100 מ"ל</UnitOfMeasure>
      <bIsWeighted>0</bIsWeighted>
      <QtyInPackage>לא ידוע</QtyInPackage>
      <ItemPrice>7.90</ItemPrice>
      <UnitOfMeasurePrice>0.02</UnitOfMeasurePrice>
      <AllowDiscount>1</AllowDiscount>
      <ItemStatus>2</ItemStatus>
    </Item>
    <Item>
      <PriceUpdateTime>2025-01-01T16:34:29.000</PriceUpdateTime>
      <ItemCode>4740098084440</ItemCode>
      <LastSaleDateTime>2015-01-01T00:00:00.000</LastSaleDateTime>
      <ItemType>1</ItemType>
      <ItemName>פיז סיידר תפוח עץ 4.</ItemName>
      <ManufactureName>לא ידוע</ManufactureName>
      <ManufactureCountry>לא ידוע</ManufactureCountry>
      <ManufactureItemDescription>פיז סיידר תפוח עץ 4.</ManufactureItemDescription>
      <UnitQty>לא ידוע</UnitQty>
      <Quantity>500.00</Quantity>
      <UnitOfMeasure>100 מ"ל</UnitOfMeasure>
      <bIsWeighted>0</bIsWeighted>
      <QtyInPackage>לא ידוע</QtyInPackage>
      <ItemPrice>7.90</ItemPrice>
      <UnitOfMeasurePrice>0.02</UnitOfMeasurePrice>
      <AllowDiscount>1</AllowDiscount>
      <ItemStatus>2</ItemStatus>
    </Item>
    <Item>
      <PriceUpdateTime>2025-01-01T16:34:30.000</PriceUpdateTime>
      <ItemCode>4770301230821</ItemCode>
      <LastSaleDateTime>2015-01-01T00:00:00.000</LastSaleDateTime>
      <ItemType>1</ItemType>
      <ItemName>בירה אי פי איי 568 מ</ItemName>
      <ManufactureName>לא ידוע</ManufactureName>
      <ManufactureCountry>לא ידוע</ManufactureCountry>
      <ManufactureItemDescription>בירה אי פי איי 568 מ</ManufactureItemDescription>
      <UnitQty>לא ידוע</UnitQty>
      <Quantity>568.00</Quantity>
      <UnitOfMeasure>100 מ"ל</UnitOfMeasure>
      <bIsWeighted>0</bIsWeighted>
      <QtyInPackage>לא ידוע</QtyInPackage>
      <ItemPrice>11.10</ItemPrice>
      <UnitOfMeasurePrice>0.02</UnitOfMeasurePrice>
      <AllowDiscount>1</AllowDiscount>
      <ItemStatus>2</ItemStatus>
    </Item>
    <Item>
      <PriceUpdateTime>2025-01-01T16:34:30.000</PriceUpdateTime>
      <ItemCode>4770301234973</ItemCode>
      <LastSaleDateTime>2015-01-01T00:00:00.000</LastSaleDateTime>
      <ItemType>1</ItemType>
      <ItemName>בירה בלנש חיטה בלגית</ItemName>
      <ManufactureName>לא ידוע</ManufactureName>
      <ManufactureCountry>לא ידוע</ManufactureCountry>
      <ManufactureItemDescription>בירה בלנש חיטה בלגית</ManufactureItemDescription>
      <UnitQty>לא ידוע</UnitQty>
      <Quantity>568.00</Quantity>
      <UnitOfMeasure>100 מ"ל</UnitOfMeasure>
      <bIsWeighted>0</bIsWeighted>
      <QtyInPackage>לא ידוע</QtyInPackage>
      <ItemPrice>11.10</ItemPrice>
      <UnitOfMeasurePrice>0.02</UnitOfMeasurePrice>
      <AllowDiscount>1</AllowDiscount>
      <ItemStatus>2</ItemStatus>
    </Item>
    <Item>
      <PriceUpdateTime>2025-01-01T16:34:30.000</PriceUpdateTime>
      <ItemCode>4770301235338</ItemCode>
      <LastSaleDateTime>2015-01-01T00:00:00.000</LastSaleDateTime>
      <ItemType>1</ItemType>
      <ItemName>בירה ניו אינגלנד 500</ItemName>
      <ManufactureName>לא ידוע</ManufactureName>
      <ManufactureCountry>לא ידוע</ManufactureCountry>
      <ManufactureItemDescription>בירה ניו אינגלנד 500</ManufactureItemDescription>
      <UnitQty>לא ידוע</UnitQty>
      <Quantity>500.00</Quantity>
      <UnitOfMeasure>100 מ"ל</UnitOfMeasure>
      <bIsWeighted>0</bIsWeighted>
      <QtyInPackage>לא ידוע</QtyInPackage>
      <ItemPrice>11.10</ItemPrice>
      <UnitOfMeasurePrice>0.02</UnitOfMeasurePrice>
      <AllowDiscount>1</AllowDiscount>
      <ItemStatus>2</ItemStatus>
    </Item>
    <Item>
      <PriceUpdateTime>2025-01-01T16:34:30.000</PriceUpdateTime>
      <ItemCode>4820163124124</ItemCode>
      <LastSaleDateTime>2025-10-15T00:00:00.000</LastSaleDateTime>
      <ItemType>1</ItemType>
      <ItemName>וודקה חורטיצה גרין ל</ItemName>
      <ManufactureName>לא ידוע</ManufactureName>
      <ManufactureCountry>לא ידוע</ManufactureCountry>
      <ManufactureItemDescription>וודקה חורטיצה גרין ל</ManufactureItemDescription>
      <UnitQty>לא ידוע</UnitQty>
      <Quantity>700.00</Quantity>
      <UnitOfMeasure>100 מ"ל</UnitOfMeasure>
      <bIsWeighted>0</bIsWeighted>
      <QtyInPackage>לא ידוע</QtyInPackage>
      <ItemPrice>65.60</ItemPrice>
      <UnitOfMeasurePrice>0.09</UnitOfMeasurePrice>
      <AllowDiscount>1</AllowDiscount>
      <ItemStatus>2</ItemStatus>
    </Item>
    <Item>
      <PriceUpdateTime>2025-01-01T16:34:30.000</PriceUpdateTime>
      <ItemCode>4820229030161</ItemCode>
      <LastSaleDateTime>2026-01-18T19:24:41.000</LastSaleDateTime>
      <ItemType>1</ItemType>
      <ItemName>וודקה חורטיצה גרין ל</ItemName>
      <ManufactureName>לא ידוע</ManufactureName>
      <ManufactureCountry>לא ידוע</ManufactureCountry>
      <ManufactureItemDescription>וודקה חורטיצה גרין ל</ManufactureItemDescription>
      <UnitQty>ליטר</UnitQty>
      <Quantity>1.00</Quantity>
      <UnitOfMeasure>ליטר    </UnitOfMeasure>
      <bIsWeighted>0</bIsWeighted>
      <QtyInPackage>לא ידוע</QtyInPackage>
      <ItemPrice>93.90</ItemPrice>
      <UnitOfMeasurePrice>93.90</UnitOfMeasurePrice>
      <AllowDiscount>1</AllowDiscount>
      <ItemStatus/>
    </Item>
    <Item>
      <PriceUpdateTime>2025-01-01T16:34:31.000</PriceUpdateTime>
      <ItemCode>5411081003654</ItemCode>
      <LastSaleDateTime>2015-01-01T00:00:00.000</LastSaleDateTime>
      <ItemType>1</ItemType>
      <ItemName>קסטיל בירה רוז 330 מ</ItemName>
      <ManufactureName>לא ידוע</ManufactureName>
      <ManufactureCountry>לא ידוע</ManufactureCountry>
      <ManufactureItemDescription>קסטיל בירה רוז 330 מ</ManufactureItemDescription>
      <UnitQty>לא ידוע</UnitQty>
      <Quantity>330.00</Quantity>
      <UnitOfMeasure>100 מ"ל</UnitOfMeasure>
      <bIsWeighted>0</bIsWeighted>
      <QtyInPackage>לא ידוע</QtyInPackage>
      <ItemPrice>12.90</ItemPrice>
      <UnitOfMeasurePrice>0.04</UnitOfMeasurePrice>
      <AllowDiscount>1</AllowDiscount>
      <ItemStatus>2</ItemStatus>
    </Item>
    <Item>
      <PriceUpdateTime>2025-01-01T16:34:31.000</PriceUpdateTime>
      <ItemCode>5411081008192</ItemCode>
      <LastSaleDateTime>2015-01-01T00:00:00.000</LastSaleDateTime>
      <ItemType>1</ItemType>
      <ItemName>בירה קסטיל רוז' פחית</ItemName>
      <ManufactureName>לא ידוע</ManufactureName>
      <ManufactureCountry>לא ידוע</ManufactureCountry>
      <ManufactureItemDescription>בירה קסטיל רוז' פחית</ManufactureItemDescription>
      <UnitQty>לא ידוע</UnitQty>
      <Quantity>330.00</Quantity>
      <UnitOfMeasure>100 מ"ל</UnitOfMeasure>
      <bIsWeighted>0</bIsWeighted>
      <QtyInPackage>לא ידוע</QtyInPackage>
      <ItemPrice>12.90</ItemPrice>
      <UnitOfMeasurePrice>0.04</UnitOfMeasurePrice>
      <AllowDiscount>1</AllowDiscount>
      <ItemStatus>2</ItemStatus>
    </Item>
    <Item>
      <PriceUpdateTime>2025-01-01T16:34:31.000</PriceUpdateTime>
      <ItemCode>5411081008420</ItemCode>
      <LastSaleDateTime>2015-01-01T00:00:00.000</LastSaleDateTime>
      <ItemType>1</ItemType>
      <ItemName>בירה בירה שושנע קסטי</ItemName>
      <ManufactureName>לא ידוע</ManufactureName>
      <ManufactureCountry>לא ידוע</ManufactureCountry>
      <ManufactureItemDescription>בירה בירה שושנע קסטי</ManufactureItemDescription>
      <UnitQty>לא ידוע</UnitQty>
      <Quantity>330.00</Quantity>
      <UnitOfMeasure>100 מ"ל</UnitOfMeasure>
      <bIsWeighted>0</bIsWeighted>
      <QtyInPackage>לא ידוע</QtyInPackage>
      <ItemPrice>12.90</ItemPrice>
      <UnitOfMeasurePrice>0.04</UnitOfMeasurePrice>
      <AllowDiscount>1</AllowDiscount>
      <ItemStatus>2</ItemStatus>
    </Item>
    <Item>
      <PriceUpdateTime>2025-01-01T16:34:31.000</PriceUpdateTime>
      <ItemCode>5022069000734</ItemCode>
      <LastSaleDateTime>2015-01-01T00:00:00.000</LastSaleDateTime>
      <ItemType>1</ItemType>
      <ItemName>ויסקי סקוטי "סקוטש ג</ItemName>
      <ManufactureName>לא ידוע</ManufactureName>
      <ManufactureCountry>לא ידוע</ManufactureCountry>
      <ManufactureItemDescription>ויסקי סקוטי "סקוטש ג</ManufactureItemDescription>
      <UnitQty>לא ידוע</UnitQty>
      <Quantity>1.00</Quantity>
      <UnitOfMeasure>יח'</UnitOfMeasure>
      <bIsWeighted>0</bIsWeighted>
      <QtyInPackage>לא ידוע</QtyInPackage>
      <ItemPrice>50.50</ItemPrice>
      <UnitOfMeasurePrice>50.50</UnitOfMeasurePrice>
      <AllowDiscount>1</AllowDiscount>
      <ItemStatus>2</ItemStatus>
    </Item>
    <Item>
      <PriceUpdateTime>2025-01-01T16:34:31.000</PriceUpdateTime>
      <ItemCode>5010494560282</ItemCode>
      <LastSaleDateTime>2015-01-01T00:00:00.000</LastSaleDateTime>
      <ItemType>1</ItemType>
      <ItemName>גלנמורנגי אוריגינל ו</ItemName>
      <ManufactureName>לא ידוע</ManufactureName>
      <ManufactureCountry>לא ידוע</ManufactureCountry>
      <ManufactureItemDescription>גלנמורנגי אוריגינל ו</ManufactureItemDescription>
      <UnitQty>לא ידוע</UnitQty>
      <Quantity>700.00</Quantity>
      <UnitOfMeasure>100 מ"ל</UnitOfMeasure>
      <bIsWeighted>0</bIsWeighted>
      <QtyInPackage>לא ידוע</QtyInPackage>
      <ItemPrice>151.50</ItemPrice>
      <UnitOfMeasurePrice>0.22</UnitOfMeasurePrice>
      <AllowDiscount>1</AllowDiscount>
      <ItemStatus>2</ItemStatus>
    </Item>
    <Item>
      <PriceUpdateTime>2025-01-01T16:34:31.000</PriceUpdateTime>
      <ItemCode>5411081010508</ItemCode>
      <LastSaleDateTime>2015-01-01T00:00:00.000</LastSaleDateTime>
      <ItemType>1</ItemType>
      <ItemName>בירה קסטיל רובהוס 33</ItemName>
      <ManufactureName>לא ידוע</ManufactureName>
      <ManufactureCountry>לא ידוע</ManufactureCountry>
      <ManufactureItemDescription>בירה קסטיל רובהוס 33</ManufactureItemDescription>
      <UnitQty>לא ידוע</UnitQty>
      <Quantity>330.00</Quantity>
      <UnitOfMeasure>100 מ"ל</UnitOfMeasure>
      <bIsWeighted>0</bIsWeighted>
      <QtyInPackage>לא ידוע</QtyInPackage>
      <ItemPrice>12.90</ItemPrice>
      <UnitOfMeasurePrice>0.04</UnitOfMeasurePrice>
      <AllowDiscount>1</AllowDiscount>
      <ItemStatus>2</ItemStatus>
    </Item>
    <Item>
      <PriceUpdateTime>2025-01-01T16:34:34.000</PriceUpdateTime>
      <ItemCode>7290002404576</ItemCode>
      <LastSaleDateTime>2025-09-26T00:00:00.000</LastSaleDateTime>
      <ItemType>1</ItemType>
      <ItemName>מוריה לייט 750 מ"ל</ItemName>
      <ManufactureName>יקבי ארזה</ManufactureName>
      <ManufactureCountry>לא ידוע</ManufactureCountry>
      <ManufactureItemDescription>מוריה לייט 750 מ"ל</ManufactureItemDescription>
      <UnitQty>לא ידוע</UnitQty>
      <Quantity>750.00</Quantity>
      <UnitOfMeasure>100 מ"ל</UnitOfMeasure>
      <bIsWeighted>0</bIsWeighted>
      <QtyInPackage>לא ידוע</QtyInPackage>
      <ItemPrice>16.10</ItemPrice>
      <UnitOfMeasurePrice>0.02</UnitOfMeasurePrice>
      <AllowDiscount>1</AllowDiscount>
      <ItemStatus>2</ItemStatus>
    </Item>
    <Item>
      <PriceUpdateTime>2025-01-01T16:34:35.000</PriceUpdateTime>
      <ItemCode>7290005168253</ItemCode>
      <LastSaleDateTime>2015-01-01T00:00:00.000</LastSaleDateTime>
      <ItemType>1</ItemType>
      <ItemName>קליל יין אדום מתוק 7</ItemName>
      <ManufactureName>לא ידוע</ManufactureName>
      <ManufactureCountry>לא ידוע</ManufactureCountry>
      <ManufactureItemDescription>קליל יין אדום מתוק 7</ManufactureItemDescription>
      <UnitQty>לא ידוע</UnitQty>
      <Quantity>750.00</Quantity>
      <UnitOfMeasure>100 מ"ל</UnitOfMeasure>
      <bIsWeighted>0</bIsWeighted>
      <QtyInPackage>לא ידוע</QtyInPackage>
      <ItemPrice>14.10</ItemPrice>
      <UnitOfMeasurePrice>0.02</UnitOfMeasurePrice>
      <AllowDiscount>1</AllowDiscount>
      <ItemStatus>2</ItemStatus>
    </Item>
    <Item>
      <PriceUpdateTime>2025-01-01T16:34:35.000</PriceUpdateTime>
      <ItemCode>7290002404965</ItemCode>
      <LastSaleDateTime>2015-01-01T00:00:00.000</LastSaleDateTime>
      <ItemType>1</ItemType>
      <ItemName>מוריה יין אדום מתוק</ItemName>
      <ManufactureName>יקבי ארזה</ManufactureName>
      <ManufactureCountry>לא ידוע</ManufactureCountry>
      <ManufactureItemDescription>מוריה יין אדום מתוק</ManufactureItemDescription>
      <UnitQty>לא ידוע</UnitQty>
      <Quantity>750.00</Quantity>
      <UnitOfMeasure>100 מ"ל</UnitOfMeasure>
      <bIsWeighted>0</bIsWeighted>
      <QtyInPackage>לא ידוע</QtyInPackage>
      <ItemPrice>16.10</ItemPrice>
      <UnitOfMeasurePrice>0.02</UnitOfMeasurePrice>
      <AllowDiscount>1</AllowDiscount>
      <ItemStatus>2</ItemStatus>
    </Item>
    <Item>
      <PriceUpdateTime>2025-01-01T16:34:36.000</PriceUpdateTime>
      <ItemCode>7290005966170</ItemCode>
      <LastSaleDateTime>2015-01-01T00:00:00.000</LastSaleDateTime>
      <ItemType>1</ItemType>
      <ItemName>חרמון לבן 375 מ"ל</ItemName>
      <ManufactureName>יקב רמת הגולן</ManufactureName>
      <ManufactureCountry>לא ידוע</ManufactureCountry>
      <ManufactureItemDescription>חרמון לבן 375 מ"ל</ManufactureItemDescription>
      <UnitQty>לא ידוע</UnitQty>
      <Quantity>375.00</Quantity>
      <UnitOfMeasure>100 מ"ל</UnitOfMeasure>
      <bIsWeighted>0</bIsWeighted>
      <QtyInPackage>לא ידוע</QtyInPackage>
      <ItemPrice>19.10</ItemPrice>
      <UnitOfMeasurePrice>0.05</UnitOfMeasurePrice>
      <AllowDiscount>1</AllowDiscount>
      <ItemStatus>2</ItemStatus>
    </Item>
    <Item>
      <PriceUpdateTime>2025-01-01T16:34:37.000</PriceUpdateTime>
      <ItemCode>7290011240868</ItemCode>
      <LastSaleDateTime>2015-01-01T00:00:00.000</LastSaleDateTime>
      <ItemType>1</ItemType>
      <ItemName>מוסקטו אדום מבעבע</ItemName>
      <ManufactureName>יקבי ציון</ManufactureName>
      <ManufactureCountry>ישראל</ManufactureCountry>
      <ManufactureItemDescription>מוסקטו אדום מבעבע</ManufactureItemDescription>
      <UnitQty>לא ידוע</UnitQty>
      <Quantity>750.00</Quantity>
      <UnitOfMeasure>100 מ"ל</UnitOfMeasure>
      <bIsWeighted>0</bIsWeighted>
      <QtyInPackage>לא ידוע</QtyInPackage>
      <ItemPrice>28.20</ItemPrice>
      <UnitOfMeasurePrice>0.04</UnitOfMeasurePrice>
      <AllowDiscount>1</AllowDiscount>
      <ItemStatus>2</ItemStatus>
    </Item>
    <Item>
      <PriceUpdateTime>2025-01-01T16:34:37.000</PriceUpdateTime>
      <ItemCode>7290011240905</ItemCode>
      <LastSaleDateTime>2015-01-01T00:00:00.000</LastSaleDateTime>
      <ItemType>1</ItemType>
      <ItemName>מוסקטו לבן מבעבע</ItemName>
      <ManufactureName>יקבי ציון</ManufactureName>
      <ManufactureCountry>ישראל</ManufactureCountry>
      <ManufactureItemDescription>מוסקטו לבן מבעבע</ManufactureItemDescription>
      <UnitQty>לא ידוע</UnitQty>
      <Quantity>750.00</Quantity>
      <UnitOfMeasure>100 מ"ל</UnitOfMeasure>
      <bIsWeighted>0</bIsWeighted>
      <QtyInPackage>לא ידוע</QtyInPackage>
      <ItemPrice>28.20</ItemPrice>
      <UnitOfMeasurePrice>0.04</UnitOfMeasurePrice>
      <AllowDiscount>1</AllowDiscount>
      <ItemStatus>2</ItemStatus>
    </Item>
    <Item>
      <PriceUpdateTime>2025-01-01T16:34:37.000</PriceUpdateTime>
      <ItemCode>7290010173037</ItemCode>
      <LastSaleDateTime>2015-01-01T00:00:00.000</LastSaleDateTime>
      <ItemType>1</ItemType>
      <ItemName>רוזה הרי גליל 750 מ"</ItemName>
      <ManufactureName>יקב הרי גליל</ManufactureName>
      <ManufactureCountry>לא ידוע</ManufactureCountry>
      <ManufactureItemDescription>רוזה הרי גליל 750 מ"</ManufactureItemDescription>
      <UnitQty>לא ידוע</UnitQty>
      <Quantity>750.00</Quantity>
      <UnitOfMeasure>100 מ"ל</UnitOfMeasure>
      <bIsWeighted>0</bIsWeighted>
      <QtyInPackage>לא ידוע</QtyInPackage>
      <ItemPrice>37.30</ItemPrice>
      <UnitOfMeasurePrice>0.05</UnitOfMeasurePrice>
      <AllowDiscount>1</AllowDiscount>
      <ItemStatus>2</ItemStatus>
    </Item>
    <Item>
      <PriceUpdateTime>2025-01-01T16:34:38.000</PriceUpdateTime>
      <ItemCode>7290014466135</ItemCode>
      <LastSaleDateTime>2015-01-01T00:00:00.000</LastSaleDateTime>
      <ItemType>1</ItemType>
      <ItemName>חרמון אינדגו 375 מ"ל</ItemName>
      <ManufactureName>יקב רמת הגולן</ManufactureName>
      <ManufactureCountry>לא ידוע</ManufactureCountry>
      <ManufactureItemDescription>חרמון אינדגו 375 מ"ל</ManufactureItemDescription>
      <UnitQty>לא ידוע</UnitQty>
      <Quantity>375.00</Quantity>
      <UnitOfMeasure>100 מ"ל</UnitOfMeasure>
      <bIsWeighted>0</bIsWeighted>
      <QtyInPackage>לא ידוע</QtyInPackage>
      <ItemPrice>19.10</ItemPrice>
      <UnitOfMeasurePrice>0.05</UnitOfMeasurePrice>
      <AllowDiscount>1</AllowDiscount>
      <ItemStatus>2</ItemStatus>
    </Item>
    <Item>
      <PriceUpdateTime>2025-01-01T16:34:38.000</PriceUpdateTime>
      <ItemCode>7290014501232</ItemCode>
      <LastSaleDateTime>2015-01-01T00:00:00.000</LastSaleDateTime>
      <ItemType>1</ItemType>
      <ItemName>הרי גליל לבן 750 מ"ל</ItemName>
      <ManufactureName>יקב הרי גליל</ManufactureName>
      <ManufactureCountry>לא ידוע</ManufactureCountry>
      <ManufactureItemDescription>הרי גליל לבן 750 מ"ל</ManufactureItemDescription>
      <UnitQty>לא ידוע</UnitQty>
      <Quantity>750.00</Quantity>
      <UnitOfMeasure>100 מ"ל</UnitOfMeasure>
      <bIsWeighted>0</bIsWeighted>
      <QtyInPackage>לא ידוע</QtyInPackage>
      <ItemPrice>37.30</ItemPrice>
      <UnitOfMeasurePrice>0.05</UnitOfMeasurePrice>
      <AllowDiscount>1</AllowDiscount>
      <ItemStatus>2</ItemStatus>
    </Item>
    <Item>
      <PriceUpdateTime>2025-01-01T16:34:40.000</PriceUpdateTime>
      <ItemCode>7290016693546</ItemCode>
      <LastSaleDateTime>2026-01-20T12:15:27.000</LastSaleDateTime>
      <ItemType>1</ItemType>
      <ItemName>יין עונות קברנה 750</ItemName>
      <ManufactureName>לא ידוע</ManufactureName>
      <ManufactureCountry>לא ידוע</ManufactureCountry>
      <ManufactureItemDescription>יין עונות קברנה 750</ManufactureItemDescription>
      <UnitQty>לא ידוע</UnitQty>
      <Quantity>750.00</Quantity>
      <UnitOfMeasure>100 מ"ל</UnitOfMeasure>
      <bIsWeighted>0</bIsWeighted>
      <QtyInPackage>לא ידוע</QtyInPackage>
      <ItemPrice>29.20</ItemPrice>
      <UnitOfMeasurePrice>0.04</UnitOfMeasurePrice>
      <AllowDiscount>1</AllowDiscount>
      <ItemStatus/>
    </Item>
    <Item>
      <PriceUpdateTime>2025-01-01T16:34:40.000</PriceUpdateTime>
      <ItemCode>7290016693553</ItemCode>
      <LastSaleDateTime>2026-01-11T17:37:19.000</LastSaleDateTime>
      <ItemType>1</ItemType>
      <ItemName>יין עונות מרלו 750 מ</ItemName>
      <ManufactureName>לא ידוע</ManufactureName>
      <ManufactureCountry>לא ידוע</ManufactureCountry>
      <ManufactureItemDescription>יין עונות מרלו 750 מ</ManufactureItemDescription>
      <UnitQty>לא ידוע</UnitQty>
      <Quantity>750.00</Quantity>
      <UnitOfMeasure>100 מ"ל</UnitOfMeasure>
      <bIsWeighted>0</bIsWeighted>
      <QtyInPackage>לא ידוע</QtyInPackage>
      <ItemPrice>29.20</ItemPrice>
      <UnitOfMeasurePrice>0.04</UnitOfMeasurePrice>
      <AllowDiscount>1</AllowDiscount>
      <ItemStatus/>
    </Item>
    <Item>
      <PriceUpdateTime>2025-01-01T16:34:40.000</PriceUpdateTime>
      <ItemCode>7290016693560</ItemCode>
      <LastSaleDateTime>2015-01-01T00:00:00.000</LastSaleDateTime>
      <ItemType>1</ItemType>
      <ItemName>יין עונות קברנה מרלו</ItemName>
      <ManufactureName>לא ידוע</ManufactureName>
      <ManufactureCountry>לא ידוע</ManufactureCountry>
      <ManufactureItemDescription>יין עונות קברנה מרלו</ManufactureItemDescription>
      <UnitQty>לא ידוע</UnitQty>
      <Quantity>750.00</Quantity>
      <UnitOfMeasure>100 מ"ל</UnitOfMeasure>
      <bIsWeighted>0</bIsWeighted>
      <QtyInPackage>לא ידוע</QtyInPackage>
      <ItemPrice>29.20</ItemPrice>
      <UnitOfMeasurePrice>0.04</UnitOfMeasurePrice>
      <AllowDiscount>1</AllowDiscount>
      <ItemStatus>2</ItemStatus>
    </Item>
    <Item>
      <PriceUpdateTime>2025-01-01T16:34:40.000</PriceUpdateTime>
      <ItemCode>7290016693584</ItemCode>
      <LastSaleDateTime>2026-01-01T19:22:39.000</LastSaleDateTime>
      <ItemType>1</ItemType>
      <ItemName>יין עונות שיראז 750</ItemName>
      <ManufactureName>לא ידוע</ManufactureName>
      <ManufactureCountry>לא ידוע</ManufactureCountry>
      <ManufactureItemDescription>יין עונות שיראז 750</ManufactureItemDescription>
      <UnitQty>לא ידוע</UnitQty>
      <Quantity>750.00</Quantity>
      <UnitOfMeasure>100 מ"ל</UnitOfMeasure>
      <bIsWeighted>0</bIsWeighted>
      <QtyInPackage>לא ידוע</QtyInPackage>
      <ItemPrice>29.20</ItemPrice>
      <UnitOfMeasurePrice>0.04</UnitOfMeasurePrice>
      <AllowDiscount>1</AllowDiscount>
      <ItemStatus/>
    </Item>
    <Item>
      <PriceUpdateTime>2025-01-01T16:34:40.000</PriceUpdateTime>
      <ItemCode>7290016693799</ItemCode>
      <LastSaleDateTime>2025-12-04T00:00:00.000</LastSaleDateTime>
      <ItemType>1</ItemType>
      <ItemName>מוסקטו רוזה</ItemName>
      <ManufactureName>לא ידוע</ManufactureName>
      <ManufactureCountry>לא ידוע</ManufactureCountry>
      <ManufactureItemDescription>מוסקטו רוזה</ManufactureItemDescription>
      <UnitQty>לא ידוע</UnitQty>
      <Quantity>750.00</Quantity>
      <UnitOfMeasure>100 מ"ל</UnitOfMeasure>
      <bIsWeighted>0</bIsWeighted>
      <QtyInPackage>לא ידוע</QtyInPackage>
      <ItemPrice>39.90</ItemPrice>
      <UnitOfMeasurePrice>0.05</UnitOfMeasurePrice>
      <AllowDiscount>1</AllowDiscount>
      <ItemStatus/>
    </Item>
    <Item>
      <PriceUpdateTime>2025-01-01T16:34:42.000</PriceUpdateTime>
      <ItemCode>7290018940297</ItemCode>
      <LastSaleDateTime>2015-01-01T00:00:00.000</LastSaleDateTime>
      <ItemType>1</ItemType>
      <ItemName>עונות מרלו 750 מל</ItemName>
      <ManufactureName>לא ידוע</ManufactureName>
      <ManufactureCountry>לא ידוע</ManufactureCountry>
      <ManufactureItemDescription>עונות מרלו 750 מל</ManufactureItemDescription>
      <UnitQty>לא ידוע</UnitQty>
      <Quantity>750.00</Quantity>
      <UnitOfMeasure>100 מ"ל</UnitOfMeasure>
      <bIsWeighted>0</bIsWeighted>
      <QtyInPackage>לא ידוע</QtyInPackage>
      <ItemPrice>29.20</ItemPrice>
      <UnitOfMeasurePrice>0.04</UnitOfMeasurePrice>
      <AllowDiscount>1</AllowDiscount>
      <ItemStatus>2</ItemStatus>
    </Item>
    <Item>
      <PriceUpdateTime>2025-01-01T16:34:42.000</PriceUpdateTime>
      <ItemCode>7290018940303</ItemCode>
      <LastSaleDateTime>2015-01-01T00:00:00.000</LastSaleDateTime>
      <ItemType>1</ItemType>
      <ItemName>עונות קברנה 750 מל</ItemName>
      <ManufactureName>לא ידוע</ManufactureName>
      <ManufactureCountry>לא ידוע</ManufactureCountry>
      <ManufactureItemDescription>עונות קברנה 750 מל</ManufactureItemDescription>
      <UnitQty>לא ידוע</UnitQty>
      <Quantity>750.00</Quantity>
      <UnitOfMeasure>100 מ"ל</UnitOfMeasure>
      <bIsWeighted>0</bIsWeighted>
      <QtyInPackage>לא ידוע</QtyInPackage>
      <ItemPrice>29.20</ItemPrice>
      <UnitOfMeasurePrice>0.04</UnitOfMeasurePrice>
      <AllowDiscount>1</AllowDiscount>
      <ItemStatus>2</ItemStatus>
    </Item>
    <Item>
      <PriceUpdateTime>2025-01-01T16:34:42.000</PriceUpdateTime>
      <ItemCode>7290018940310</ItemCode>
      <LastSaleDateTime>2026-01-20T12:15:27.000</LastSaleDateTime>
      <ItemType>1</ItemType>
      <ItemName>עונות שיראז 750 מל</ItemName>
      <ManufactureName>לא ידוע</ManufactureName>
      <ManufactureCountry>לא ידוע</ManufactureCountry>
      <ManufactureItemDescription>עונות שיראז 750 מל</ManufactureItemDescription>
      <UnitQty>לא ידוע</UnitQty>
      <Quantity>750.00</Quantity>
      <UnitOfMeasure>100 מ"ל</UnitOfMeasure>
      <bIsWeighted>0</bIsWeighted>
      <QtyInPackage>לא ידוע</QtyInPackage>
      <ItemPrice>29.20</ItemPrice>
      <UnitOfMeasurePrice>0.04</UnitOfMeasurePrice>
      <AllowDiscount>1</AllowDiscount>
      <ItemStatus/>
    </Item>
    <Item>
      <PriceUpdateTime>2025-01-01T16:34:42.000</PriceUpdateTime>
      <ItemCode>7290018940327</ItemCode>
      <LastSaleDateTime>2015-01-01T00:00:00.000</LastSaleDateTime>
      <ItemType>1</ItemType>
      <ItemName>עונות מרלו קברנה 750</ItemName>
      <ManufactureName>לא ידוע</ManufactureName>
      <ManufactureCountry>לא ידוע</ManufactureCountry>
      <ManufactureItemDescription>עונות מרלו קברנה 750</ManufactureItemDescription>
      <UnitQty>לא ידוע</UnitQty>
      <Quantity>750.00</Quantity>
      <UnitOfMeasure>100 מ"ל</UnitOfMeasure>
      <bIsWeighted>0</bIsWeighted>
      <QtyInPackage>לא ידוע</QtyInPackage>
      <ItemPrice>29.20</ItemPrice>
      <UnitOfMeasurePrice>0.04</UnitOfMeasurePrice>
      <AllowDiscount>1</AllowDiscount>
      <ItemStatus>2</ItemStatus>
    </Item>
    <Item>
      <PriceUpdateTime>2025-01-01T16:34:43.000</PriceUpdateTime>
      <ItemCode>7290018940358</ItemCode>
      <LastSaleDateTime>2015-01-01T00:00:00.000</LastSaleDateTime>
      <ItemType>1</ItemType>
      <ItemName>בראשית קברנה סובניון</ItemName>
      <ManufactureName>לא ידוע</ManufactureName>
      <ManufactureCountry>לא ידוע</ManufactureCountry>
      <ManufactureItemDescription>בראשית קברנה סובניון</ManufactureItemDescription>
      <UnitQty>לא ידוע</UnitQty>
      <Quantity>750.00</Quantity>
      <UnitOfMeasure>100 מ"ל</UnitOfMeasure>
      <bIsWeighted>0</bIsWeighted>
      <QtyInPackage>לא ידוע</QtyInPackage>
      <ItemPrice>35.30</ItemPrice>
      <UnitOfMeasurePrice>0.05</UnitOfMeasurePrice>
      <AllowDiscount>1</AllowDiscount>
      <ItemStatus>2</ItemStatus>
    </Item>
    <Item>
      <PriceUpdateTime>2025-01-01T16:34:46.000</PriceUpdateTime>
      <ItemCode>7290108620306</ItemCode>
      <LastSaleDateTime>2015-01-01T00:00:00.000</LastSaleDateTime>
      <ItemType>1</ItemType>
      <ItemName>אימפריאל קברנה סובני</ItemName>
      <ManufactureName>לא ידוע</ManufactureName>
      <ManufactureCountry>לא ידוע</ManufactureCountry>
      <ManufactureItemDescription>אימפריאל קברנה סובני</ManufactureItemDescription>
      <UnitQty>לא ידוע</UnitQty>
      <Quantity>375.00</Quantity>
      <UnitOfMeasure>100 מ"ל</UnitOfMeasure>
      <bIsWeighted>0</bIsWeighted>
      <QtyInPackage>לא ידוע</QtyInPackage>
      <ItemPrice>17.10</ItemPrice>
      <UnitOfMeasurePrice>0.05</UnitOfMeasurePrice>
      <AllowDiscount>1</AllowDiscount>
      <ItemStatus>2</ItemStatus>
    </Item>
    <Item>
      <PriceUpdateTime>2025-01-01T16:34:46.000</PriceUpdateTime>
      <ItemCode>7290108620320</ItemCode>
      <LastSaleDateTime>2015-01-01T00:00:00.000</LastSaleDateTime>
      <ItemType>1</ItemType>
      <ItemName>אימפריאל סובניון 375</ItemName>
      <ManufactureName>לא ידוע</ManufactureName>
      <ManufactureCountry>לא ידוע</ManufactureCountry>
      <ManufactureItemDescription>אימפריאל סובניון 375</ManufactureItemDescription>
      <UnitQty>לא ידוע</UnitQty>
      <Quantity>375.00</Quantity>
      <UnitOfMeasure>100 מ"ל</UnitOfMeasure>
      <bIsWeighted>0</bIsWeighted>
      <QtyInPackage>לא ידוע</QtyInPackage>
      <ItemPrice>17.10</ItemPrice>
      <UnitOfMeasurePrice>0.05</UnitOfMeasurePrice>
      <AllowDiscount>1</AllowDiscount>
      <ItemStatus>2</ItemStatus>
    </Item>
    <Item>
      <PriceUpdateTime>2025-01-01T16:34:46.000</PriceUpdateTime>
      <ItemCode>7290108620368</ItemCode>
      <LastSaleDateTime>2015-01-01T00:00:00.000</LastSaleDateTime>
      <ItemType>1</ItemType>
      <ItemName>גן עדן יין מתוק לבן</ItemName>
      <ManufactureName>לא ידוע</ManufactureName>
      <ManufactureCountry>לא ידוע</ManufactureCountry>
      <ManufactureItemDescription>גן עדן יין מתוק לבן</ManufactureItemDescription>
      <UnitQty>לא ידוע</UnitQty>
      <Quantity>750.00</Quantity>
      <UnitOfMeasure>100 מ"ל</UnitOfMeasure>
      <bIsWeighted>0</bIsWeighted>
      <QtyInPackage>לא ידוע</QtyInPackage>
      <ItemPrice>20.10</ItemPrice>
      <UnitOfMeasurePrice>0.03</UnitOfMeasurePrice>
      <AllowDiscount>1</AllowDiscount>
      <ItemStatus>2</ItemStatus>
    </Item>
    <Item>
      <PriceUpdateTime>2025-01-01T16:34:46.000</PriceUpdateTime>
      <ItemCode>7290108620313</ItemCode>
      <LastSaleDateTime>2015-01-01T00:00:00.000</LastSaleDateTime>
      <ItemType>1</ItemType>
      <ItemName>יין רוזה 375 מל יקבי</ItemName>
      <ManufactureName>לא ידוע</ManufactureName>
      <ManufactureCountry>לא ידוע</ManufactureCountry>
      <ManufactureItemDescription>יין רוזה 375 מל יקבי</ManufactureItemDescription>
      <UnitQty>לא ידוע</UnitQty>
      <Quantity>375.00</Quantity>
      <UnitOfMeasure>100 מ"ל</UnitOfMeasure>
      <bIsWeighted>0</bIsWeighted>
      <QtyInPackage>לא ידוע</QtyInPackage>
      <ItemPrice>17.10</ItemPrice>
      <UnitOfMeasurePrice>0.05</UnitOfMeasurePrice>
      <AllowDiscount>1</AllowDiscount>
      <ItemStatus>2</ItemStatus>
    </Item>
    <Item>
      <PriceUpdateTime>2025-01-01T16:34:50.000</PriceUpdateTime>
      <ItemCode>8032573170035</ItemCode>
      <LastSaleDateTime>2026-01-13T17:56:57.000</LastSaleDateTime>
      <ItemType>1</ItemType>
      <ItemName>היוצר מוסקטו טרה סינ</ItemName>
      <ManufactureName>לא ידוע</ManufactureName>
      <ManufactureCountry>לא ידוע</ManufactureCountry>
      <ManufactureItemDescription>היוצר מוסקטו טרה סינ</ManufactureItemDescription>
      <UnitQty>לא ידוע</UnitQty>
      <Quantity>750.00</Quantity>
      <UnitOfMeasure>100 מ"ל</UnitOfMeasure>
      <bIsWeighted>0</bIsWeighted>
      <QtyInPackage>לא ידוע</QtyInPackage>
      <ItemPrice>39.90</ItemPrice>
      <UnitOfMeasurePrice>0.05</UnitOfMeasurePrice>
      <AllowDiscount>1</AllowDiscount>
      <ItemStatus/>
    </Item>
    <Item>
      <PriceUpdateTime>2025-01-01T16:34:51.000</PriceUpdateTime>
      <ItemCode>8033267620317</ItemCode>
      <LastSaleDateTime>2015-01-01T00:00:00.000</LastSaleDateTime>
      <ItemType>1</ItemType>
      <ItemName>יין קברנה סוביניון ג</ItemName>
      <ManufactureName>לא ידוע</ManufactureName>
      <ManufactureCountry>לא ידוע</ManufactureCountry>
      <ManufactureItemDescription>יין קברנה סוביניון ג</ManufactureItemDescription>
      <UnitQty>לא ידוע</UnitQty>
      <Quantity>750.00</Quantity>
      <UnitOfMeasure>100 מ"ל</UnitOfMeasure>
      <bIsWeighted>0</bIsWeighted>
      <QtyInPackage>לא ידוע</QtyInPackage>
      <ItemPrice>35.30</ItemPrice>
      <UnitOfMeasurePrice>0.05</UnitOfMeasurePrice>
      <AllowDiscount>1</AllowDiscount>
      <ItemStatus>2</ItemStatus>
    </Item>
    <Item>
      <PriceUpdateTime>2025-01-01T16:34:51.000</PriceUpdateTime>
      <ItemCode>8033267620324</ItemCode>
      <LastSaleDateTime>2015-01-01T00:00:00.000</LastSaleDateTime>
      <ItemType>1</ItemType>
      <ItemName>יין מרלו גליל 750 מ"</ItemName>
      <ManufactureName>לא ידוע</ManufactureName>
      <ManufactureCountry>לא ידוע</ManufactureCountry>
      <ManufactureItemDescription>יין מרלו גליל 750 מ"</ManufactureItemDescription>
      <UnitQty>לא ידוע</UnitQty>
      <Quantity>750.00</Quantity>
      <UnitOfMeasure>100 מ"ל</UnitOfMeasure>
      <bIsWeighted>0</bIsWeighted>
      <QtyInPackage>לא ידוע</QtyInPackage>
      <ItemPrice>35.30</ItemPrice>
      <UnitOfMeasurePrice>0.05</UnitOfMeasurePrice>
      <AllowDiscount>1</AllowDiscount>
      <ItemStatus>2</ItemStatus>
    </Item>
    <Item>
      <PriceUpdateTime>2025-01-01T16:34:52.000</PriceUpdateTime>
      <ItemCode>9003402663034</ItemCode>
      <LastSaleDateTime>2015-01-01T00:00:00.000</LastSaleDateTime>
      <ItemType>1</ItemType>
      <ItemName>בירה שטיגל הל 500 מל</ItemName>
      <ManufactureName>לא ידוע</ManufactureName>
      <ManufactureCountry>לא ידוע</ManufactureCountry>
      <ManufactureItemDescription>בירה שטיגל הל 500 מל</ManufactureItemDescription>
      <UnitQty>לא ידוע</UnitQty>
      <Quantity>500.00</Quantity>
      <UnitOfMeasure>100 מ"ל</UnitOfMeasure>
      <bIsWeighted>0</bIsWeighted>
      <QtyInPackage>לא ידוע</QtyInPackage>
      <ItemPrice>8.60</ItemPrice>
      <UnitOfMeasurePrice>0.02</UnitOfMeasurePrice>
      <AllowDiscount>1</AllowDiscount>
      <ItemStatus>2</ItemStatus>
    </Item>
    <Item>
      <PriceUpdateTime>2025-01-01T16:41:38.000</PriceUpdateTime>
      <ItemCode>5013967012462</ItemCode>
      <LastSaleDateTime>2015-01-01T00:00:00.000</LastSaleDateTime>
      <ItemType>1</ItemType>
      <ItemName>וויסקי אייל אוף ג'ור</ItemName>
      <ManufactureName>לא ידוע</ManufactureName>
      <ManufactureCountry>לא ידוע</ManufactureCountry>
      <ManufactureItemDescription>וויסקי אייל אוף ג'ור</ManufactureItemDescription>
      <UnitQty>לא ידוע</UnitQty>
      <Quantity>700.00</Quantity>
      <UnitOfMeasure>100 מ"ל</UnitOfMeasure>
      <bIsWeighted>0</bIsWeighted>
      <QtyInPackage>לא ידוע</QtyInPackage>
      <ItemPrice>161.60</ItemPrice>
      <UnitOfMeasurePrice>0.23</UnitOfMeasurePrice>
      <AllowDiscount>1</AllowDiscount>
      <ItemStatus>2</ItemStatus>
    </Item>
    <Item>
      <PriceUpdateTime>2025-01-01T16:41:57.000</PriceUpdateTime>
      <ItemCode>8033275522368</ItemCode>
      <LastSaleDateTime>2015-01-01T00:00:00.000</LastSaleDateTime>
      <ItemType>1</ItemType>
      <ItemName>יין קיאנטי 750 מ"ל</ItemName>
      <ManufactureName>לא ידוע</ManufactureName>
      <ManufactureCountry>לא ידוע</ManufactureCountry>
      <ManufactureItemDescription>יין קיאנטי 750 מ"ל</ManufactureItemDescription>
      <UnitQty>לא ידוע</UnitQty>
      <Quantity>1.00</Quantity>
      <UnitOfMeasure>יח'</UnitOfMeasure>
      <bIsWeighted>0</bIsWeighted>
      <QtyInPackage>לא ידוע</QtyInPackage>
      <ItemPrice>55.50</ItemPrice>
      <UnitOfMeasurePrice>55.50</UnitOfMeasurePrice>
      <AllowDiscount>1</AllowDiscount>
      <ItemStatus>2</ItemStatus>
    </Item>
    <Item>
      <PriceUpdateTime>2025-01-16T12:11:22.000</PriceUpdateTime>
      <ItemCode>857532000271</ItemCode>
      <LastSaleDateTime>2015-01-01T00:00:00.000</LastSaleDateTime>
      <ItemType>1</ItemType>
      <ItemName>וודקה טראמפ 700 מ"ל</ItemName>
      <ManufactureName>לא ידוע</ManufactureName>
      <ManufactureCountry>לא ידוע</ManufactureCountry>
      <ManufactureItemDescription>וודקה טראמפ 700 מ"ל</ManufactureItemDescription>
      <UnitQty>לא ידוע</UnitQty>
      <Quantity>750.00</Quantity>
      <UnitOfMeasure>100 מ"ל</UnitOfMeasure>
      <bIsWeighted>0</bIsWeighted>
      <QtyInPackage>לא ידוע</QtyInPackage>
      <ItemPrice>79.90</ItemPrice>
      <UnitOfMeasurePrice>0.11</UnitOfMeasurePrice>
      <AllowDiscount>1</AllowDiscount>
      <ItemStatus>2</ItemStatus>
    </Item>
    <Item>
      <PriceUpdateTime>2025-02-04T10:11:46.000</PriceUpdateTime>
      <ItemCode>7290002404613</ItemCode>
      <LastSaleDateTime>2025-07-25T00:00:00.000</LastSaleDateTime>
      <ItemType>1</ItemType>
      <ItemName>היוצר וירטואוזו קברנ</ItemName>
      <ManufactureName>יקבי ארזה</ManufactureName>
      <ManufactureCountry>לא ידוע</ManufactureCountry>
      <ManufactureItemDescription>היוצר וירטואוזו קברנ</ManufactureItemDescription>
      <UnitQty>לא ידוע</UnitQty>
      <Quantity>750.00</Quantity>
      <UnitOfMeasure>100 מ"ל</UnitOfMeasure>
      <bIsWeighted>0</bIsWeighted>
      <QtyInPackage>לא ידוע</QtyInPackage>
      <ItemPrice>45.90</ItemPrice>
      <UnitOfMeasurePrice>0.06</UnitOfMeasurePrice>
      <AllowDiscount>1</AllowDiscount>
      <ItemStatus>2</ItemStatus>
    </Item>
    <Item>
      <PriceUpdateTime>2025-02-04T10:11:46.000</PriceUpdateTime>
      <ItemCode>7290002404620</ItemCode>
      <LastSaleDateTime>2015-01-01T00:00:00.000</LastSaleDateTime>
      <ItemType>1</ItemType>
      <ItemName>היוצר וירטואוזו מרלו</ItemName>
      <ManufactureName>יקבי ארזה</ManufactureName>
      <ManufactureCountry>לא ידוע</ManufactureCountry>
      <ManufactureItemDescription>היוצר וירטואוזו מרלו</ManufactureItemDescription>
      <UnitQty>לא ידוע</UnitQty>
      <Quantity>750.00</Quantity>
      <UnitOfMeasure>100 מ"ל</UnitOfMeasure>
      <bIsWeighted>0</bIsWeighted>
      <QtyInPackage>לא ידוע</QtyInPackage>
      <ItemPrice>45.90</ItemPrice>
      <UnitOfMeasurePrice>0.06</UnitOfMeasurePrice>
      <AllowDiscount>1</AllowDiscount>
      <ItemStatus>2</ItemStatus>
    </Item>
    <Item>
      <PriceUpdateTime>2025-02-04T10:11:46.000</PriceUpdateTime>
      <ItemCode>7290002404637</ItemCode>
      <LastSaleDateTime>2015-01-01T00:00:00.000</LastSaleDateTime>
      <ItemType>1</ItemType>
      <ItemName>היוצר וירטואוזו שירז</ItemName>
      <ManufactureName>יקבי ארזה</ManufactureName>
      <ManufactureCountry>לא ידוע</ManufactureCountry>
      <ManufactureItemDescription>היוצר וירטואוזו שירז</ManufactureItemDescription>
      <UnitQty>לא ידוע</UnitQty>
      <Quantity>750.00</Quantity>
      <UnitOfMeasure>100 מ"ל</UnitOfMeasure>
      <bIsWeighted>0</bIsWeighted>
      <QtyInPackage>לא ידוע</QtyInPackage>
      <ItemPrice>45.90</ItemPrice>
      <UnitOfMeasurePrice>0.06</UnitOfMeasurePrice>
      <AllowDiscount>1</AllowDiscount>
      <ItemStatus>2</ItemStatus>
    </Item>
    <Item>
      <PriceUpdateTime>2025-02-04T10:11:46.000</PriceUpdateTime>
      <ItemCode>7290016693140</ItemCode>
      <LastSaleDateTime>2025-10-13T00:00:00.000</LastSaleDateTime>
      <ItemType>1</ItemType>
      <ItemName>היוצר וירטואוזו שרדו</ItemName>
      <ManufactureName>לא ידוע</ManufactureName>
      <ManufactureCountry>לא ידוע</ManufactureCountry>
      <ManufactureItemDescription>היוצר וירטואוזו שרדו</ManufactureItemDescription>
      <UnitQty>לא ידוע</UnitQty>
      <Quantity>1.00</Quantity>
      <UnitOfMeasure>יח'</UnitOfMeasure>
      <bIsWeighted>0</bIsWeighted>
      <QtyInPackage>לא ידוע</QtyInPackage>
      <ItemPrice>45.90</ItemPrice>
      <UnitOfMeasurePrice>45.90</UnitOfMeasurePrice>
      <AllowDiscount>1</AllowDiscount>
      <ItemStatus>2</ItemStatus>
    </Item>
    <Item>
      <PriceUpdateTime>2025-02-04T10:11:46.000</PriceUpdateTime>
      <ItemCode>7290016693287</ItemCode>
      <LastSaleDateTime>2015-01-01T00:00:00.000</LastSaleDateTime>
      <ItemType>1</ItemType>
      <ItemName>גוורצטרמינר היוצר</ItemName>
      <ManufactureName>לא ידוע</ManufactureName>
      <ManufactureCountry>לא ידוע</ManufactureCountry>
      <ManufactureItemDescription>גוורצטרמינר היוצר</ManufactureItemDescription>
      <UnitQty>לא ידוע</UnitQty>
      <Quantity>750.00</Quantity>
      <UnitOfMeasure>100 מ"ל</UnitOfMeasure>
      <bIsWeighted>0</bIsWeighted>
      <QtyInPackage>לא ידוע</QtyInPackage>
      <ItemPrice>45.90</ItemPrice>
      <UnitOfMeasurePrice>0.06</UnitOfMeasurePrice>
      <AllowDiscount>1</AllowDiscount>
      <ItemStatus>2</ItemStatus>
    </Item>
    <Item>
      <PriceUpdateTime>2025-02-04T10:11:46.000</PriceUpdateTime>
      <ItemCode>7290018940082</ItemCode>
      <LastSaleDateTime>2015-01-01T00:00:00.000</LastSaleDateTime>
      <ItemType>1</ItemType>
      <ItemName>וירטואוזו רונדו חצי</ItemName>
      <ManufactureName>לא ידוע</ManufactureName>
      <ManufactureCountry>לא ידוע</ManufactureCountry>
      <ManufactureItemDescription>וירטואוזו רונדו חצי</ManufactureItemDescription>
      <UnitQty>לא ידוע</UnitQty>
      <Quantity>750.00</Quantity>
      <UnitOfMeasure>100 מ"ל</UnitOfMeasure>
      <bIsWeighted>0</bIsWeighted>
      <QtyInPackage>לא ידוע</QtyInPackage>
      <ItemPrice>45.90</ItemPrice>
      <UnitOfMeasurePrice>0.06</UnitOfMeasurePrice>
      <AllowDiscount>1</AllowDiscount>
      <ItemStatus>2</ItemStatus>
    </Item>
    <Item>
      <PriceUpdateTime>2025-02-04T10:14:08.000</PriceUpdateTime>
      <ItemCode>8033413430708</ItemCode>
      <LastSaleDateTime>2025-12-15T00:00:00.000</LastSaleDateTime>
      <ItemType>1</ItemType>
      <ItemName>לימוצ'לו וילה מסה כש</ItemName>
      <ManufactureName>לא ידוע</ManufactureName>
      <ManufactureCountry>לא ידוע</ManufactureCountry>
      <ManufactureItemDescription>לימוצ'לו וילה מסה כש</ManufactureItemDescription>
      <UnitQty>יחידות</UnitQty>
      <Quantity>0.00</Quantity>
      <UnitOfMeasure>יחידה   </UnitOfMeasure>
      <bIsWeighted>0</bIsWeighted>
      <QtyInPackage>לא ידוע</QtyInPackage>
      <ItemPrice>99.90</ItemPrice>
      <UnitOfMeasurePrice>0.00</UnitOfMeasurePrice>
      <AllowDiscount>1</AllowDiscount>
      <ItemStatus/>
    </Item>
    <Item>
      <PriceUpdateTime>2025-02-06T13:04:51.000</PriceUpdateTime>
      <ItemCode>4053400073040</ItemCode>
      <LastSaleDateTime>2025-12-05T00:00:00.000</LastSaleDateTime>
      <ItemType>1</ItemType>
      <ItemName>בירה שופרהופר שישייה</ItemName>
      <ManufactureName>לא ידוע</ManufactureName>
      <ManufactureCountry>לא ידוע</ManufactureCountry>
      <ManufactureItemDescription>בירה שופרהופר שישייה</ManufactureItemDescription>
      <UnitQty>מטרים</UnitQty>
      <Quantity>1320.00</Quantity>
      <UnitOfMeasure>100 מ'ל</UnitOfMeasure>
      <bIsWeighted>0</bIsWeighted>
      <QtyInPackage>לא ידוע</QtyInPackage>
      <ItemPrice>39.90</ItemPrice>
      <UnitOfMeasurePrice>0.03</UnitOfMeasurePrice>
      <AllowDiscount>1</AllowDiscount>
      <ItemStatus/>
    </Item>
    <Item>
      <PriceUpdateTime>2025-02-12T10:27:19.000</PriceUpdateTime>
      <ItemCode>7290008801522</ItemCode>
      <LastSaleDateTime>2026-01-29T15:46:23.000</LastSaleDateTime>
      <ItemType>1</ItemType>
      <ItemName>יין קונקורד קינג דיו</ItemName>
      <ManufactureName>כרמל מזרחי</ManufactureName>
      <ManufactureCountry>לא ידוע</ManufactureCountry>
      <ManufactureItemDescription>יין קונקורד קינג דיו</ManufactureItemDescription>
      <UnitQty>לא ידוע</UnitQty>
      <Quantity>750.00</Quantity>
      <UnitOfMeasure>100 מ"ל</UnitOfMeasure>
      <bIsWeighted>0</bIsWeighted>
      <QtyInPackage>לא ידוע</QtyInPackage>
      <ItemPrice>18.90</ItemPrice>
      <UnitOfMeasurePrice>0.03</UnitOfMeasurePrice>
      <AllowDiscount>1</AllowDiscount>
      <ItemStatus/>
    </Item>
    <Item>
      <PriceUpdateTime>2025-02-12T10:27:19.000</PriceUpdateTime>
      <ItemCode>7290008801546</ItemCode>
      <LastSaleDateTime>2026-01-19T17:30:24.000</LastSaleDateTime>
      <ItemType>1</ItemType>
      <ItemName>יין מוסקט מתוק קינג</ItemName>
      <ManufactureName>כרמל מזרחי</ManufactureName>
      <ManufactureCountry>לא ידוע</ManufactureCountry>
      <ManufactureItemDescription>יין מוסקט מתוק קינג</ManufactureItemDescription>
      <UnitQty>לא ידוע</UnitQty>
      <Quantity>750.00</Quantity>
      <UnitOfMeasure>100 מ"ל</UnitOfMeasure>
      <bIsWeighted>0</bIsWeighted>
      <QtyInPackage>לא ידוע</QtyInPackage>
      <ItemPrice>18.90</ItemPrice>
      <UnitOfMeasurePrice>0.03</UnitOfMeasurePrice>
      <AllowDiscount>1</AllowDiscount>
      <ItemStatus/>
    </Item>
    <Item>
      <PriceUpdateTime>2025-02-12T10:27:19.000</PriceUpdateTime>
      <ItemCode>7290018294000</ItemCode>
      <LastSaleDateTime>2026-01-28T18:02:47.000</LastSaleDateTime>
      <ItemType>1</ItemType>
      <ItemName>קינג דיוויד רוזה 750</ItemName>
      <ManufactureName>לא ידוע</ManufactureName>
      <ManufactureCountry>לא ידוע</ManufactureCountry>
      <ManufactureItemDescription>קינג דיוויד רוזה 750</ManufactureItemDescription>
      <UnitQty>לא ידוע</UnitQty>
      <Quantity>750.00</Quantity>
      <UnitOfMeasure>100 מ"ל</UnitOfMeasure>
      <bIsWeighted>0</bIsWeighted>
      <QtyInPackage>לא ידוע</QtyInPackage>
      <ItemPrice>18.90</ItemPrice>
      <UnitOfMeasurePrice>0.03</UnitOfMeasurePrice>
      <AllowDiscount>1</AllowDiscount>
      <ItemStatus/>
    </Item>
    <Item>
      <PriceUpdateTime>2025-02-12T10:27:42.000</PriceUpdateTime>
      <ItemCode>7290017289168</ItemCode>
      <LastSaleDateTime>2015-01-01T00:00:00.000</LastSaleDateTime>
      <ItemType>1</ItemType>
      <ItemName>אדום יבש סדרת ישראלי</ItemName>
      <ManufactureName>לא ידוע</ManufactureName>
      <ManufactureCountry>לא ידוע</ManufactureCountry>
      <ManufactureItemDescription>אדום יבש סדרת ישראלי</ManufactureItemDescription>
      <UnitQty>לא ידוע</UnitQty>
      <Quantity>750.00</Quantity>
      <UnitOfMeasure>100 מ"ל</UnitOfMeasure>
      <bIsWeighted>0</bIsWeighted>
      <QtyInPackage>לא ידוע</QtyInPackage>
      <ItemPrice>21.50</ItemPrice>
      <UnitOfMeasurePrice>0.03</UnitOfMeasurePrice>
      <AllowDiscount>1</AllowDiscount>
      <ItemStatus>2</ItemStatus>
    </Item>
    <Item>
      <PriceUpdateTime>2025-02-12T10:27:42.000</PriceUpdateTime>
      <ItemCode>7290017289182</ItemCode>
      <LastSaleDateTime>2015-01-01T00:00:00.000</LastSaleDateTime>
      <ItemType>1</ItemType>
      <ItemName>לבן חצי יבש סדרת ישר</ItemName>
      <ManufactureName>לא ידוע</ManufactureName>
      <ManufactureCountry>לא ידוע</ManufactureCountry>
      <ManufactureItemDescription>לבן חצי יבש סדרת ישר</ManufactureItemDescription>
      <UnitQty>לא ידוע</UnitQty>
      <Quantity>750.00</Quantity>
      <UnitOfMeasure>100 מ"ל</UnitOfMeasure>
      <bIsWeighted>0</bIsWeighted>
      <QtyInPackage>לא ידוע</QtyInPackage>
      <ItemPrice>21.50</ItemPrice>
      <UnitOfMeasurePrice>0.03</UnitOfMeasurePrice>
      <AllowDiscount>1</AllowDiscount>
      <ItemStatus>2</ItemStatus>
    </Item>
    <Item>
      <PriceUpdateTime>2025-02-12T10:27:43.000</PriceUpdateTime>
      <ItemCode>7290017289199</ItemCode>
      <LastSaleDateTime>2015-01-01T00:00:00.000</LastSaleDateTime>
      <ItemType>1</ItemType>
      <ItemName>לבן יבש סדרת ישראלי</ItemName>
      <ManufactureName>לא ידוע</ManufactureName>
      <ManufactureCountry>לא ידוע</ManufactureCountry>
      <ManufactureItemDescription>לבן יבש סדרת ישראלי</ManufactureItemDescription>
      <UnitQty>לא ידוע</UnitQty>
      <Quantity>750.00</Quantity>
      <UnitOfMeasure>100 מ"ל</UnitOfMeasure>
      <bIsWeighted>0</bIsWeighted>
      <QtyInPackage>לא ידוע</QtyInPackage>
      <ItemPrice>21.50</ItemPrice>
      <UnitOfMeasurePrice>0.03</UnitOfMeasurePrice>
      <AllowDiscount>1</AllowDiscount>
      <ItemStatus>2</ItemStatus>
    </Item>
    <Item>
      <PriceUpdateTime>2025-02-12T10:28:43.000</PriceUpdateTime>
      <ItemCode>7290006256089</ItemCode>
      <LastSaleDateTime>2026-01-13T21:19:31.000</LastSaleDateTime>
      <ItemType>1</ItemType>
      <ItemName>יין אדום קברנה סובינ</ItemName>
      <ManufactureName>יקבי הר מרון</ManufactureName>
      <ManufactureCountry>לא ידוע</ManufactureCountry>
      <ManufactureItemDescription>יין אדום קברנה סובינ</ManufactureItemDescription>
      <UnitQty>לא ידוע</UnitQty>
      <Quantity>750.00</Quantity>
      <UnitOfMeasure>100 מ"ל</UnitOfMeasure>
      <bIsWeighted>0</bIsWeighted>
      <QtyInPackage>לא ידוע</QtyInPackage>
      <ItemPrice>35.90</ItemPrice>
      <UnitOfMeasurePrice>0.05</UnitOfMeasurePrice>
      <AllowDiscount>1</AllowDiscount>
      <ItemStatus/>
    </Item>
    <Item>
      <PriceUpdateTime>2025-02-12T12:32:37.000</PriceUpdateTime>
      <ItemCode>4054500115234</ItemCode>
      <LastSaleDateTime>2015-01-01T00:00:00.000</LastSaleDateTime>
      <ItemType>1</ItemType>
      <ItemName>בירה אורייך בהירה לא</ItemName>
      <ManufactureName>לא ידוע</ManufactureName>
      <ManufactureCountry>לא ידוע</ManufactureCountry>
      <ManufactureItemDescription>בירה אורייך בהירה לא</ManufactureItemDescription>
      <UnitQty>מטרים</UnitQty>
      <Quantity>500.00</Quantity>
      <UnitOfMeasure>100 מ'ל</UnitOfMeasure>
      <bIsWeighted>0</bIsWeighted>
      <QtyInPackage>לא ידוע</QtyInPackage>
      <ItemPrice>7.90</ItemPrice>
      <UnitOfMeasurePrice>0.02</UnitOfMeasurePrice>
      <AllowDiscount>1</AllowDiscount>
      <ItemStatus>2</ItemStatus>
    </Item>
    <Item>
      <PriceUpdateTime>2025-02-24T13:23:14.000</PriceUpdateTime>
      <ItemCode>7290000484747</ItemCode>
      <LastSaleDateTime>2026-01-29T21:53:33.000</LastSaleDateTime>
      <ItemType>1</ItemType>
      <ItemName>עלית הארק 700 מ"ל</ItemName>
      <ManufactureName>לא ידוע</ManufactureName>
      <ManufactureCountry>לא ידוע</ManufactureCountry>
      <ManufactureItemDescription>עלית הארק 700 מ"ל</ManufactureItemDescription>
      <UnitQty>לא ידוע</UnitQty>
      <Quantity>700.00</Quantity>
      <UnitOfMeasure>100 מ"ל</UnitOfMeasure>
      <bIsWeighted>0</bIsWeighted>
      <QtyInPackage>לא ידוע</QtyInPackage>
      <ItemPrice>59.90</ItemPrice>
      <UnitOfMeasurePrice>0.09</UnitOfMeasurePrice>
      <AllowDiscount>1</AllowDiscount>
      <ItemStatus/>
    </Item>
    <Item>
      <PriceUpdateTime>2025-02-26T09:38:09.000</PriceUpdateTime>
      <ItemCode>7290019220473</ItemCode>
      <LastSaleDateTime>2026-01-26T18:12:33.000</LastSaleDateTime>
      <ItemType>1</ItemType>
      <ItemName>בלאש רוזה יבש 750 מ"</ItemName>
      <ManufactureName>לא ידוע</ManufactureName>
      <ManufactureCountry>לא ידוע</ManufactureCountry>
      <ManufactureItemDescription>בלאש רוזה יבש 750 מ"</ManufactureItemDescription>
      <UnitQty>לא ידוע</UnitQty>
      <Quantity>750.00</Quantity>
      <UnitOfMeasure>100 מ"ל</UnitOfMeasure>
      <bIsWeighted>0</bIsWeighted>
      <QtyInPackage>לא ידוע</QtyInPackage>
      <ItemPrice>49.90</ItemPrice>
      <UnitOfMeasurePrice>0.07</UnitOfMeasurePrice>
      <AllowDiscount>1</AllowDiscount>
      <ItemStatus/>
    </Item>
    <Item>
      <PriceUpdateTime>2025-02-26T09:38:28.000</PriceUpdateTime>
      <ItemCode>7290017812847</ItemCode>
      <LastSaleDateTime>2026-01-21T21:10:34.000</LastSaleDateTime>
      <ItemType>1</ItemType>
      <ItemName>סלקטד פרנץ גוורצטרמי</ItemName>
      <ManufactureName>לא ידוע</ManufactureName>
      <ManufactureCountry>לא ידוע</ManufactureCountry>
      <ManufactureItemDescription>סלקטד פרנץ גוורצטרמי</ManufactureItemDescription>
      <UnitQty>לא ידוע</UnitQty>
      <Quantity>750.00</Quantity>
      <UnitOfMeasure>100 מ"ל</UnitOfMeasure>
      <bIsWeighted>0</bIsWeighted>
      <QtyInPackage>לא ידוע</QtyInPackage>
      <ItemPrice>31.70</ItemPrice>
      <UnitOfMeasurePrice>0.04</UnitOfMeasurePrice>
      <AllowDiscount>1</AllowDiscount>
      <ItemStatus/>
    </Item>
    <Item>
      <PriceUpdateTime>2025-02-26T09:40:00.000</PriceUpdateTime>
      <ItemCode>7290008670210</ItemCode>
      <LastSaleDateTime>2015-01-01T00:00:00.000</LastSaleDateTime>
      <ItemType>1</ItemType>
      <ItemName>יין אדום שירז רקנאטי</ItemName>
      <ManufactureName>אחים שקד</ManufactureName>
      <ManufactureCountry>לא ידוע</ManufactureCountry>
      <ManufactureItemDescription>יין אדום שירז רקנאטי</ManufactureItemDescription>
      <UnitQty>לא ידוע</UnitQty>
      <Quantity>750.00</Quantity>
      <UnitOfMeasure>100 מ"ל</UnitOfMeasure>
      <bIsWeighted>0</bIsWeighted>
      <QtyInPackage>לא ידוע</QtyInPackage>
      <ItemPrice>49.90</ItemPrice>
      <UnitOfMeasurePrice>0.07</UnitOfMeasurePrice>
      <AllowDiscount>1</AllowDiscount>
      <ItemStatus>2</ItemStatus>
    </Item>
    <Item>
      <PriceUpdateTime>2025-03-03T12:49:24.000</PriceUpdateTime>
      <ItemCode>7290019220909</ItemCode>
      <LastSaleDateTime>2026-01-21T13:47:58.000</LastSaleDateTime>
      <ItemType>1</ItemType>
      <ItemName>יין סבן הילס קברנה ס</ItemName>
      <ManufactureName>לא ידוע</ManufactureName>
      <ManufactureCountry>לא ידוע</ManufactureCountry>
      <ManufactureItemDescription>יין סבן הילס קברנה ס</ManufactureItemDescription>
      <UnitQty>מטרים</UnitQty>
      <Quantity>750.00</Quantity>
      <UnitOfMeasure>100 מ'ל</UnitOfMeasure>
      <bIsWeighted>0</bIsWeighted>
      <QtyInPackage>לא ידוע</QtyInPackage>
      <ItemPrice>64.90</ItemPrice>
      <UnitOfMeasurePrice>0.09</UnitOfMeasurePrice>
      <AllowDiscount>1</AllowDiscount>
      <ItemStatus/>
    </Item>
    <Item>
      <PriceUpdateTime>2025-03-05T10:31:51.000</PriceUpdateTime>
      <ItemCode>8850999132013</ItemCode>
      <LastSaleDateTime>2015-01-01T00:00:00.000</LastSaleDateTime>
      <ItemType>1</ItemType>
      <ItemName>בירה סינגה שישייה 33</ItemName>
      <ManufactureName>לא ידוע</ManufactureName>
      <ManufactureCountry>לא ידוע</ManufactureCountry>
      <ManufactureItemDescription>בירה סינגה שישייה 33</ManufactureItemDescription>
      <UnitQty>ליטר</UnitQty>
      <Quantity>1.98</Quantity>
      <UnitOfMeasure>ליטר    </UnitOfMeasure>
      <bIsWeighted>0</bIsWeighted>
      <QtyInPackage>לא ידוע</QtyInPackage>
      <ItemPrice>33.90</ItemPrice>
      <UnitOfMeasurePrice>17.12</UnitOfMeasurePrice>
      <AllowDiscount>1</AllowDiscount>
      <ItemStatus>2</ItemStatus>
    </Item>
    <Item>
      <PriceUpdateTime>2025-03-11T10:55:02.000</PriceUpdateTime>
      <ItemCode>7290019220893</ItemCode>
      <LastSaleDateTime>2015-01-01T00:00:00.000</LastSaleDateTime>
      <ItemType>1</ItemType>
      <ItemName>יין סבן הילס שרדונה</ItemName>
      <ManufactureName>לא ידוע</ManufactureName>
      <ManufactureCountry>לא ידוע</ManufactureCountry>
      <ManufactureItemDescription>יין סבן הילס שרדונה</ManufactureItemDescription>
      <UnitQty>לא ידוע</UnitQty>
      <Quantity>750.00</Quantity>
      <UnitOfMeasure>100 מ"ל</UnitOfMeasure>
      <bIsWeighted>0</bIsWeighted>
      <QtyInPackage>לא ידוע</QtyInPackage>
      <ItemPrice>64.90</ItemPrice>
      <UnitOfMeasurePrice>0.09</UnitOfMeasurePrice>
      <AllowDiscount>1</AllowDiscount>
      <ItemStatus>2</ItemStatus>
    </Item>
    <Item>
      <PriceUpdateTime>2025-03-13T15:39:06.000</PriceUpdateTime>
      <ItemCode>8023354068115</ItemCode>
      <LastSaleDateTime>2015-01-01T00:00:00.000</LastSaleDateTime>
      <ItemType>1</ItemType>
      <ItemName>יין פרימיטיבו סאלנטו</ItemName>
      <ManufactureName>לא ידוע</ManufactureName>
      <ManufactureCountry>לא ידוע</ManufactureCountry>
      <ManufactureItemDescription>יין פרימיטיבו סאלנטו</ManufactureItemDescription>
      <UnitQty>מטרים</UnitQty>
      <Quantity>750.00</Quantity>
      <UnitOfMeasure>100 מ'ל</UnitOfMeasure>
      <bIsWeighted>0</bIsWeighted>
      <QtyInPackage>לא ידוע</QtyInPackage>
      <ItemPrice>49.90</ItemPrice>
      <UnitOfMeasurePrice>0.07</UnitOfMeasurePrice>
      <AllowDiscount>1</AllowDiscount>
      <ItemStatus>2</ItemStatus>
    </Item>
    <Item>
      <PriceUpdateTime>2025-03-13T15:39:06.000</PriceUpdateTime>
      <ItemCode>8023354248111</ItemCode>
      <LastSaleDateTime>2015-01-01T00:00:00.000</LastSaleDateTime>
      <ItemType>1</ItemType>
      <ItemName>יין שרדונה טיאמו 750</ItemName>
      <ManufactureName>לא ידוע</ManufactureName>
      <ManufactureCountry>לא ידוע</ManufactureCountry>
      <ManufactureItemDescription>יין שרדונה טיאמו 750</ManufactureItemDescription>
      <UnitQty>מטרים</UnitQty>
      <Quantity>750.00</Quantity>
      <UnitOfMeasure>100 מ'ל</UnitOfMeasure>
      <bIsWeighted>0</bIsWeighted>
      <QtyInPackage>לא ידוע</QtyInPackage>
      <ItemPrice>49.90</ItemPrice>
      <UnitOfMeasurePrice>0.07</UnitOfMeasurePrice>
      <AllowDiscount>1</AllowDiscount>
      <ItemStatus>2</ItemStatus>
    </Item>
    <Item>
      <PriceUpdateTime>2025-03-20T11:41:16.000</PriceUpdateTime>
      <ItemCode>7290019398745</ItemCode>
      <LastSaleDateTime>2015-01-01T00:00:00.000</LastSaleDateTime>
      <ItemType>1</ItemType>
      <ItemName>יין מוסקטו ורוד מבעב</ItemName>
      <ManufactureName>לא ידוע</ManufactureName>
      <ManufactureCountry>לא ידוע</ManufactureCountry>
      <ManufactureItemDescription>יין מוסקטו ורוד מבעב</ManufactureItemDescription>
      <UnitQty>מטרים</UnitQty>
      <Quantity>750.00</Quantity>
      <UnitOfMeasure>100 מ'ל</UnitOfMeasure>
      <bIsWeighted>0</bIsWeighted>
      <QtyInPackage>לא ידוע</QtyInPackage>
      <ItemPrice>43.80</ItemPrice>
      <UnitOfMeasurePrice>0.06</UnitOfMeasurePrice>
      <AllowDiscount>1</AllowDiscount>
      <ItemStatus>2</ItemStatus>
    </Item>
    <Item>
      <PriceUpdateTime>2025-03-21T09:18:30.000</PriceUpdateTime>
      <ItemCode>7804414017110</ItemCode>
      <LastSaleDateTime>2015-01-01T00:00:00.000</LastSaleDateTime>
      <ItemType>1</ItemType>
      <ItemName>דון חוליו פינו נואר</ItemName>
      <ManufactureName>לא ידוע</ManufactureName>
      <ManufactureCountry>לא ידוע</ManufactureCountry>
      <ManufactureItemDescription>דון חוליו פינו נואר</ManufactureItemDescription>
      <UnitQty>לא ידוע</UnitQty>
      <Quantity>750.00</Quantity>
      <UnitOfMeasure>100 מ"ל</UnitOfMeasure>
      <bIsWeighted>0</bIsWeighted>
      <QtyInPackage>לא ידוע</QtyInPackage>
      <ItemPrice>29.90</ItemPrice>
      <UnitOfMeasurePrice>0.04</UnitOfMeasurePrice>
      <AllowDiscount>1</AllowDiscount>
      <ItemStatus>2</ItemStatus>
    </Item>
    <Item>
      <PriceUpdateTime>2025-03-21T09:18:39.000</PriceUpdateTime>
      <ItemCode>5010677551397</ItemCode>
      <LastSaleDateTime>2025-12-22T00:00:00.000</LastSaleDateTime>
      <ItemType>1</ItemType>
      <ItemName>בקרדי בריזר לימון לי</ItemName>
      <ManufactureName>טמפו</ManufactureName>
      <ManufactureCountry>לא ידוע</ManufactureCountry>
      <ManufactureItemDescription>בקרדי בריזר לימון לי</ManufactureItemDescription>
      <UnitQty>לא ידוע</UnitQty>
      <Quantity>275.00</Quantity>
      <UnitOfMeasure>100 מ"ל</UnitOfMeasure>
      <bIsWeighted>0</bIsWeighted>
      <QtyInPackage>לא ידוע</QtyInPackage>
      <ItemPrice>13.90</ItemPrice>
      <UnitOfMeasurePrice>0.05</UnitOfMeasurePrice>
      <AllowDiscount>1</AllowDiscount>
      <ItemStatus/>
    </Item>
    <Item>
      <PriceUpdateTime>2025-04-11T08:22:18.000</PriceUpdateTime>
      <ItemCode>3850158301088</ItemCode>
      <LastSaleDateTime>2015-01-01T00:00:00.000</LastSaleDateTime>
      <ItemType>1</ItemType>
      <ItemName>משקה אלכוהולי סליבוב</ItemName>
      <ManufactureName>לא ידוע</ManufactureName>
      <ManufactureCountry>לא ידוע</ManufactureCountry>
      <ManufactureItemDescription>משקה אלכוהולי סליבוב</ManufactureItemDescription>
      <UnitQty>לא ידוע</UnitQty>
      <Quantity>700.00</Quantity>
      <UnitOfMeasure>100 מ"ל</UnitOfMeasure>
      <bIsWeighted>0</bIsWeighted>
      <QtyInPackage>לא ידוע</QtyInPackage>
      <ItemPrice>105.90</ItemPrice>
      <UnitOfMeasurePrice>0.15</UnitOfMeasurePrice>
      <AllowDiscount>1</AllowDiscount>
      <ItemStatus>2</ItemStatus>
    </Item>
    <Item>
      <PriceUpdateTime>2025-04-11T08:23:33.000</PriceUpdateTime>
      <ItemCode>4001432773230</ItemCode>
      <LastSaleDateTime>2015-01-01T00:00:00.000</LastSaleDateTime>
      <ItemType>1</ItemType>
      <ItemName>בלו ווין מוסקטו 1לי</ItemName>
      <ManufactureName>לא ידוע</ManufactureName>
      <ManufactureCountry>לא ידוע</ManufactureCountry>
      <ManufactureItemDescription>בלו ווין מוסקטו 1לי</ManufactureItemDescription>
      <UnitQty>לא ידוע</UnitQty>
      <Quantity>1.00</Quantity>
      <UnitOfMeasure>יח'</UnitOfMeasure>
      <bIsWeighted>0</bIsWeighted>
      <QtyInPackage>לא ידוע</QtyInPackage>
      <ItemPrice>44.90</ItemPrice>
      <UnitOfMeasurePrice>44.90</UnitOfMeasurePrice>
      <AllowDiscount>1</AllowDiscount>
      <ItemStatus>2</ItemStatus>
    </Item>
    <Item>
      <PriceUpdateTime>2025-04-11T08:23:33.000</PriceUpdateTime>
      <ItemCode>3525490011093</ItemCode>
      <LastSaleDateTime>2025-12-23T00:00:00.000</LastSaleDateTime>
      <ItemType>1</ItemType>
      <ItemName>יין לה ז'אמל שרדונה</ItemName>
      <ManufactureName>לא ידוע</ManufactureName>
      <ManufactureCountry>לא ידוע</ManufactureCountry>
      <ManufactureItemDescription>יין לה ז'אמל שרדונה</ManufactureItemDescription>
      <UnitQty>לא ידוע</UnitQty>
      <Quantity>1.00</Quantity>
      <UnitOfMeasure>יח'</UnitOfMeasure>
      <bIsWeighted>0</bIsWeighted>
      <QtyInPackage>לא ידוע</QtyInPackage>
      <ItemPrice>55.30</ItemPrice>
      <UnitOfMeasurePrice>55.30</UnitOfMeasurePrice>
      <AllowDiscount>1</AllowDiscount>
      <ItemStatus/>
    </Item>
    <Item>
      <PriceUpdateTime>2025-04-11T08:23:33.000</PriceUpdateTime>
      <ItemCode>3525490011116</ItemCode>
      <LastSaleDateTime>2026-01-28T13:43:19.000</LastSaleDateTime>
      <ItemType>1</ItemType>
      <ItemName>יין לה ז'אמל קברנה ס</ItemName>
      <ManufactureName>לא ידוע</ManufactureName>
      <ManufactureCountry>לא ידוע</ManufactureCountry>
      <ManufactureItemDescription>יין לה ז'אמל קברנה ס</ManufactureItemDescription>
      <UnitQty>לא ידוע</UnitQty>
      <Quantity>1.00</Quantity>
      <UnitOfMeasure>יח'</UnitOfMeasure>
      <bIsWeighted>0</bIsWeighted>
      <QtyInPackage>לא ידוע</QtyInPackage>
      <ItemPrice>55.30</ItemPrice>
      <UnitOfMeasurePrice>55.30</UnitOfMeasurePrice>
      <AllowDiscount>1</AllowDiscount>
      <ItemStatus/>
    </Item>
    <Item>
      <PriceUpdateTime>2025-04-11T08:23:34.000</PriceUpdateTime>
      <ItemCode>4022025001905</ItemCode>
      <LastSaleDateTime>2015-01-01T00:00:00.000</LastSaleDateTime>
      <ItemType>1</ItemType>
      <ItemName>בלו מבעבע זהב כשר</ItemName>
      <ManufactureName>לא ידוע</ManufactureName>
      <ManufactureCountry>לא ידוע</ManufactureCountry>
      <ManufactureItemDescription>בלו מבעבע זהב כשר</ManufactureItemDescription>
      <UnitQty>לא ידוע</UnitQty>
      <Quantity>750.00</Quantity>
      <UnitOfMeasure>100 מ"ל</UnitOfMeasure>
      <bIsWeighted>0</bIsWeighted>
      <QtyInPackage>לא ידוע</QtyInPackage>
      <ItemPrice>49.90</ItemPrice>
      <UnitOfMeasurePrice>0.07</UnitOfMeasurePrice>
      <AllowDiscount>1</AllowDiscount>
      <ItemStatus>2</ItemStatus>
    </Item>
    <Item>
      <PriceUpdateTime>2025-04-11T08:23:34.000</PriceUpdateTime>
      <ItemCode>4022025001929</ItemCode>
      <LastSaleDateTime>2025-11-18T00:00:00.000</LastSaleDateTime>
      <ItemType>1</ItemType>
      <ItemName>בלו כחול מבעבע כשר</ItemName>
      <ManufactureName>לא ידוע</ManufactureName>
      <ManufactureCountry>לא ידוע</ManufactureCountry>
      <ManufactureItemDescription>בלו כחול מבעבע כשר</ManufactureItemDescription>
      <UnitQty>לא ידוע</UnitQty>
      <Quantity>750.00</Quantity>
      <UnitOfMeasure>100 מ"ל</UnitOfMeasure>
      <bIsWeighted>0</bIsWeighted>
      <QtyInPackage>לא ידוע</QtyInPackage>
      <ItemPrice>49.90</ItemPrice>
      <UnitOfMeasurePrice>0.07</UnitOfMeasurePrice>
      <AllowDiscount>1</AllowDiscount>
      <ItemStatus/>
    </Item>
    <Item>
      <PriceUpdateTime>2025-04-11T08:23:34.000</PriceUpdateTime>
      <ItemCode>4022025002100</ItemCode>
      <LastSaleDateTime>2015-01-01T00:00:00.000</LastSaleDateTime>
      <ItemType>1</ItemType>
      <ItemName>בלו מבעבע רוזה כשר</ItemName>
      <ManufactureName>לא ידוע</ManufactureName>
      <ManufactureCountry>לא ידוע</ManufactureCountry>
      <ManufactureItemDescription>בלו מבעבע רוזה כשר</ManufactureItemDescription>
      <UnitQty>לא ידוע</UnitQty>
      <Quantity>750.00</Quantity>
      <UnitOfMeasure>100 מ"ל</UnitOfMeasure>
      <bIsWeighted>0</bIsWeighted>
      <QtyInPackage>לא ידוע</QtyInPackage>
      <ItemPrice>49.90</ItemPrice>
      <UnitOfMeasurePrice>0.07</UnitOfMeasurePrice>
      <AllowDiscount>1</AllowDiscount>
      <ItemStatus>2</ItemStatus>
    </Item>
    <Item>
      <PriceUpdateTime>2025-04-11T08:23:34.000</PriceUpdateTime>
      <ItemCode>4022025261002</ItemCode>
      <LastSaleDateTime>2025-12-03T00:00:00.000</LastSaleDateTime>
      <ItemType>1</ItemType>
      <ItemName>בלו וויין 750 מ"ל</ItemName>
      <ManufactureName>לא ידוע</ManufactureName>
      <ManufactureCountry>לא ידוע</ManufactureCountry>
      <ManufactureItemDescription>בלו וויין 750 מ"ל</ManufactureItemDescription>
      <UnitQty>לא ידוע</UnitQty>
      <Quantity>750.00</Quantity>
      <UnitOfMeasure>100 מ"ל</UnitOfMeasure>
      <bIsWeighted>0</bIsWeighted>
      <QtyInPackage>לא ידוע</QtyInPackage>
      <ItemPrice>44.90</ItemPrice>
      <UnitOfMeasurePrice>0.06</UnitOfMeasurePrice>
      <AllowDiscount>1</AllowDiscount>
      <ItemStatus/>
    </Item>
    <Item>
      <PriceUpdateTime>2025-04-11T08:23:34.000</PriceUpdateTime>
      <ItemCode>4022025262009</ItemCode>
      <LastSaleDateTime>2026-01-21T17:40:06.000</LastSaleDateTime>
      <ItemType>1</ItemType>
      <ItemName>יין בלו נאן גוורץ 75</ItemName>
      <ManufactureName>לא ידוע</ManufactureName>
      <ManufactureCountry>לא ידוע</ManufactureCountry>
      <ManufactureItemDescription>יין בלו נאן גוורץ 75</ManufactureItemDescription>
      <UnitQty>מטרים</UnitQty>
      <Quantity>750.00</Quantity>
      <UnitOfMeasure>100 מ'ל</UnitOfMeasure>
      <bIsWeighted>0</bIsWeighted>
      <QtyInPackage>לא ידוע</QtyInPackage>
      <ItemPrice>44.90</ItemPrice>
      <UnitOfMeasurePrice>0.06</UnitOfMeasurePrice>
      <AllowDiscount>1</AllowDiscount>
      <ItemStatus/>
    </Item>
    <Item>
      <PriceUpdateTime>2025-04-11T08:23:34.000</PriceUpdateTime>
      <ItemCode>4022025290309</ItemCode>
      <LastSaleDateTime>2015-01-01T00:00:00.000</LastSaleDateTime>
      <ItemType>1</ItemType>
      <ItemName>יין בלו נאן פינק 750</ItemName>
      <ManufactureName>לא ידוע</ManufactureName>
      <ManufactureCountry>לא ידוע</ManufactureCountry>
      <ManufactureItemDescription>יין בלו נאן פינק 750</ManufactureItemDescription>
      <UnitQty>מטרים</UnitQty>
      <Quantity>750.00</Quantity>
      <UnitOfMeasure>100 מ'ל</UnitOfMeasure>
      <bIsWeighted>0</bIsWeighted>
      <QtyInPackage>לא ידוע</QtyInPackage>
      <ItemPrice>44.90</ItemPrice>
      <UnitOfMeasurePrice>0.06</UnitOfMeasurePrice>
      <AllowDiscount>1</AllowDiscount>
      <ItemStatus>2</ItemStatus>
    </Item>
    <Item>
      <PriceUpdateTime>2025-04-11T08:23:35.000</PriceUpdateTime>
      <ItemCode>4022025290408</ItemCode>
      <LastSaleDateTime>2015-01-01T00:00:00.000</LastSaleDateTime>
      <ItemType>1</ItemType>
      <ItemName>בלו ווין רוזה כשר</ItemName>
      <ManufactureName>לא ידוע</ManufactureName>
      <ManufactureCountry>לא ידוע</ManufactureCountry>
      <ManufactureItemDescription>בלו ווין רוזה כשר</ManufactureItemDescription>
      <UnitQty>לא ידוע</UnitQty>
      <Quantity>750.00</Quantity>
      <UnitOfMeasure>100 מ"ל</UnitOfMeasure>
      <bIsWeighted>0</bIsWeighted>
      <QtyInPackage>לא ידוע</QtyInPackage>
      <ItemPrice>44.90</ItemPrice>
      <UnitOfMeasurePrice>0.06</UnitOfMeasurePrice>
      <AllowDiscount>1</AllowDiscount>
      <ItemStatus>2</ItemStatus>
    </Item>
    <Item>
      <PriceUpdateTime>2025-04-11T08:23:35.000</PriceUpdateTime>
      <ItemCode>4740098001669</ItemCode>
      <LastSaleDateTime>2015-01-01T00:00:00.000</LastSaleDateTime>
      <ItemType>1</ItemType>
      <ItemName>קוקטייל קוסמופוליטן</ItemName>
      <ManufactureName>לא ידוע</ManufactureName>
      <ManufactureCountry>לא ידוע</ManufactureCountry>
      <ManufactureItemDescription>קוקטייל קוסמופוליטן</ManufactureItemDescription>
      <UnitQty>לא ידוע</UnitQty>
      <Quantity>330.00</Quantity>
      <UnitOfMeasure>100 מ"ל</UnitOfMeasure>
      <bIsWeighted>0</bIsWeighted>
      <QtyInPackage>לא ידוע</QtyInPackage>
      <ItemPrice>9.90</ItemPrice>
      <UnitOfMeasurePrice>0.03</UnitOfMeasurePrice>
      <AllowDiscount>1</AllowDiscount>
      <ItemStatus>2</ItemStatus>
    </Item>
    <Item>
      <PriceUpdateTime>2025-04-11T08:23:35.000</PriceUpdateTime>
      <ItemCode>4740098001683</ItemCode>
      <LastSaleDateTime>2015-01-01T00:00:00.000</LastSaleDateTime>
      <ItemType>1</ItemType>
      <ItemName>קוקטייל פינה קולדה 3</ItemName>
      <ManufactureName>לא ידוע</ManufactureName>
      <ManufactureCountry>לא ידוע</ManufactureCountry>
      <ManufactureItemDescription>קוקטייל פינה קולדה 3</ManufactureItemDescription>
      <UnitQty>לא ידוע</UnitQty>
      <Quantity>330.00</Quantity>
      <UnitOfMeasure>100 מ"ל</UnitOfMeasure>
      <bIsWeighted>0</bIsWeighted>
      <QtyInPackage>לא ידוע</QtyInPackage>
      <ItemPrice>9.90</ItemPrice>
      <UnitOfMeasurePrice>0.03</UnitOfMeasurePrice>
      <AllowDiscount>1</AllowDiscount>
      <ItemStatus>2</ItemStatus>
    </Item>
    <Item>
      <PriceUpdateTime>2025-04-11T08:23:35.000</PriceUpdateTime>
      <ItemCode>4740098098331</ItemCode>
      <LastSaleDateTime>2015-01-01T00:00:00.000</LastSaleDateTime>
      <ItemType>1</ItemType>
      <ItemName>קוקטייל בלו לאגון 33</ItemName>
      <ManufactureName>לא ידוע</ManufactureName>
      <ManufactureCountry>לא ידוע</ManufactureCountry>
      <ManufactureItemDescription>קוקטייל בלו לאגון 33</ManufactureItemDescription>
      <UnitQty>לא ידוע</UnitQty>
      <Quantity>330.00</Quantity>
      <UnitOfMeasure>100 מ"ל</UnitOfMeasure>
      <bIsWeighted>0</bIsWeighted>
      <QtyInPackage>לא ידוע</QtyInPackage>
      <ItemPrice>9.90</ItemPrice>
      <UnitOfMeasurePrice>0.03</UnitOfMeasurePrice>
      <AllowDiscount>1</AllowDiscount>
      <ItemStatus>2</ItemStatus>
    </Item>
    <Item>
      <PriceUpdateTime>2025-04-11T08:23:35.000</PriceUpdateTime>
      <ItemCode>4740098098355</ItemCode>
      <LastSaleDateTime>2015-01-01T00:00:00.000</LastSaleDateTime>
      <ItemType>1</ItemType>
      <ItemName>קוקטייל מוחיטו 330 מ</ItemName>
      <ManufactureName>לא ידוע</ManufactureName>
      <ManufactureCountry>לא ידוע</ManufactureCountry>
      <ManufactureItemDescription>קוקטייל מוחיטו 330 מ</ManufactureItemDescription>
      <UnitQty>לא ידוע</UnitQty>
      <Quantity>620.00</Quantity>
      <UnitOfMeasure>100 מ"ל</UnitOfMeasure>
      <bIsWeighted>0</bIsWeighted>
      <QtyInPackage>לא ידוע</QtyInPackage>
      <ItemPrice>9.90</ItemPrice>
      <UnitOfMeasurePrice>0.02</UnitOfMeasurePrice>
      <AllowDiscount>1</AllowDiscount>
      <ItemStatus>2</ItemStatus>
    </Item>
    <Item>
      <PriceUpdateTime>2025-04-11T08:23:35.000</PriceUpdateTime>
      <ItemCode>4740098098379</ItemCode>
      <LastSaleDateTime>2015-01-01T00:00:00.000</LastSaleDateTime>
      <ItemType>1</ItemType>
      <ItemName>קוקטייל מרגריטה אבטי</ItemName>
      <ManufactureName>לא ידוע</ManufactureName>
      <ManufactureCountry>לא ידוע</ManufactureCountry>
      <ManufactureItemDescription>קוקטייל מרגריטה אבטי</ManufactureItemDescription>
      <UnitQty>לא ידוע</UnitQty>
      <Quantity>620.00</Quantity>
      <UnitOfMeasure>100 מ"ל</UnitOfMeasure>
      <bIsWeighted>0</bIsWeighted>
      <QtyInPackage>לא ידוע</QtyInPackage>
      <ItemPrice>9.90</ItemPrice>
      <UnitOfMeasurePrice>0.02</UnitOfMeasurePrice>
      <AllowDiscount>1</AllowDiscount>
      <ItemStatus>2</ItemStatus>
    </Item>
    <Item>
      <PriceUpdateTime>2025-04-11T08:23:36.000</PriceUpdateTime>
      <ItemCode>4750021005725</ItemCode>
      <LastSaleDateTime>2026-01-13T19:15:48.000</LastSaleDateTime>
      <ItemType>1</ItemType>
      <ItemName>סטולי ללא גלוטן 700</ItemName>
      <ManufactureName>לא ידוע</ManufactureName>
      <ManufactureCountry>לא ידוע</ManufactureCountry>
      <ManufactureItemDescription>סטולי ללא גלוטן 700</ManufactureItemDescription>
      <UnitQty>לא ידוע</UnitQty>
      <Quantity>700.00</Quantity>
      <UnitOfMeasure>100 מ"ל</UnitOfMeasure>
      <bIsWeighted>0</bIsWeighted>
      <QtyInPackage>לא ידוע</QtyInPackage>
      <ItemPrice>69.90</ItemPrice>
      <UnitOfMeasurePrice>0.10</UnitOfMeasurePrice>
      <AllowDiscount>1</AllowDiscount>
      <ItemStatus/>
    </Item>
    <Item>
      <PriceUpdateTime>2025-04-11T08:23:36.000</PriceUpdateTime>
      <ItemCode>5010038464670</ItemCode>
      <LastSaleDateTime>2015-01-01T00:00:00.000</LastSaleDateTime>
      <ItemType>1</ItemType>
      <ItemName>בלו מון בירה מנגו 33</ItemName>
      <ManufactureName>לא ידוע</ManufactureName>
      <ManufactureCountry>לא ידוע</ManufactureCountry>
      <ManufactureItemDescription>בלו מון בירה מנגו 33</ManufactureItemDescription>
      <UnitQty>לא ידוע</UnitQty>
      <Quantity>330.00</Quantity>
      <UnitOfMeasure>100 מ"ל</UnitOfMeasure>
      <bIsWeighted>0</bIsWeighted>
      <QtyInPackage>לא ידוע</QtyInPackage>
      <ItemPrice>12.90</ItemPrice>
      <UnitOfMeasurePrice>0.04</UnitOfMeasurePrice>
      <AllowDiscount>1</AllowDiscount>
      <ItemStatus>2</ItemStatus>
    </Item>
    <Item>
      <PriceUpdateTime>2025-04-11T08:23:36.000</PriceUpdateTime>
      <ItemCode>4740098098393</ItemCode>
      <LastSaleDateTime>2015-01-01T00:00:00.000</LastSaleDateTime>
      <ItemType>1</ItemType>
      <ItemName>קוקטייל סאן און דה ב</ItemName>
      <ManufactureName>לא ידוע</ManufactureName>
      <ManufactureCountry>לא ידוע</ManufactureCountry>
      <ManufactureItemDescription>קוקטייל סאן און דה ב</ManufactureItemDescription>
      <UnitQty>לא ידוע</UnitQty>
      <Quantity>620.00</Quantity>
      <UnitOfMeasure>100 מ"ל</UnitOfMeasure>
      <bIsWeighted>0</bIsWeighted>
      <QtyInPackage>לא ידוע</QtyInPackage>
      <ItemPrice>9.90</ItemPrice>
      <UnitOfMeasurePrice>0.02</UnitOfMeasurePrice>
      <AllowDiscount>1</AllowDiscount>
      <ItemStatus>2</ItemStatus>
    </Item>
    <Item>
      <PriceUpdateTime>2025-04-11T08:23:36.000</PriceUpdateTime>
      <ItemCode>4770301238506</ItemCode>
      <LastSaleDateTime>2015-01-01T00:00:00.000</LastSaleDateTime>
      <ItemType>1</ItemType>
      <ItemName>פחית בירה חיטה וויסב</ItemName>
      <ManufactureName>לא ידוע</ManufactureName>
      <ManufactureCountry>לא ידוע</ManufactureCountry>
      <ManufactureItemDescription>פחית בירה חיטה וויסב</ManufactureItemDescription>
      <UnitQty>מטרים</UnitQty>
      <Quantity>500.00</Quantity>
      <UnitOfMeasure>100 מ'ל</UnitOfMeasure>
      <bIsWeighted>0</bIsWeighted>
      <QtyInPackage>לא ידוע</QtyInPackage>
      <ItemPrice>7.60</ItemPrice>
      <UnitOfMeasurePrice>0.02</UnitOfMeasurePrice>
      <AllowDiscount>1</AllowDiscount>
      <ItemStatus>2</ItemStatus>
    </Item>
    <Item>
      <PriceUpdateTime>2025-04-11T08:23:37.000</PriceUpdateTime>
      <ItemCode>5010677551281</ItemCode>
      <LastSaleDateTime>2015-01-01T00:00:00.000</LastSaleDateTime>
      <ItemType>1</ItemType>
      <ItemName>בקרדי בריזר לימון 27</ItemName>
      <ManufactureName>בקרדי</ManufactureName>
      <ManufactureCountry>גרמניה</ManufactureCountry>
      <ManufactureItemDescription>בקרדי בריזר לימון 275 בקב</ManufactureItemDescription>
      <UnitQty>לא ידוע</UnitQty>
      <Quantity>275.00</Quantity>
      <UnitOfMeasure>100 מ"ל</UnitOfMeasure>
      <bIsWeighted>0</bIsWeighted>
      <QtyInPackage>לא ידוע</QtyInPackage>
      <ItemPrice>13.90</ItemPrice>
      <UnitOfMeasurePrice>0.05</UnitOfMeasurePrice>
      <AllowDiscount>1</AllowDiscount>
      <ItemStatus>2</ItemStatus>
    </Item>
    <Item>
      <PriceUpdateTime>2025-04-11T08:23:37.000</PriceUpdateTime>
      <ItemCode>5010677552387</ItemCode>
      <LastSaleDateTime>2026-01-29T19:49:11.000</LastSaleDateTime>
      <ItemType>1</ItemType>
      <ItemName>בקרדי בריזר אננס 275</ItemName>
      <ManufactureName>בקרדי</ManufactureName>
      <ManufactureCountry>גרמניה</ManufactureCountry>
      <ManufactureItemDescription>בקרדי בריזר אננס 275 בקבו</ManufactureItemDescription>
      <UnitQty>לא ידוע</UnitQty>
      <Quantity>275.00</Quantity>
      <UnitOfMeasure>100 מ"ל</UnitOfMeasure>
      <bIsWeighted>0</bIsWeighted>
      <QtyInPackage>לא ידוע</QtyInPackage>
      <ItemPrice>13.90</ItemPrice>
      <UnitOfMeasurePrice>0.05</UnitOfMeasurePrice>
      <AllowDiscount>1</AllowDiscount>
      <ItemStatus/>
    </Item>
    <Item>
      <PriceUpdateTime>2025-04-11T08:23:37.000</PriceUpdateTime>
      <ItemCode>5010677554398</ItemCode>
      <LastSaleDateTime>2026-01-29T19:49:11.000</LastSaleDateTime>
      <ItemType>1</ItemType>
      <ItemName>בקרדי בריזר אבטיח 27</ItemName>
      <ManufactureName>בקרדי</ManufactureName>
      <ManufactureCountry>גרמניה</ManufactureCountry>
      <ManufactureItemDescription>בקרדי בריזר אבטיח 275 בקב</ManufactureItemDescription>
      <UnitQty>לא ידוע</UnitQty>
      <Quantity>275.00</Quantity>
      <UnitOfMeasure>100 מ"ל</UnitOfMeasure>
      <bIsWeighted>0</bIsWeighted>
      <QtyInPackage>לא ידוע</QtyInPackage>
      <ItemPrice>13.90</ItemPrice>
      <UnitOfMeasurePrice>0.05</UnitOfMeasurePrice>
      <AllowDiscount>1</AllowDiscount>
      <ItemStatus/>
    </Item>
    <Item>
      <PriceUpdateTime>2025-04-11T08:23:42.000</PriceUpdateTime>
      <ItemCode>7290002404958</ItemCode>
      <LastSaleDateTime>2015-01-01T00:00:00.000</LastSaleDateTime>
      <ItemType>1</ItemType>
      <ItemName>יין גינוסר 1 ליטר</ItemName>
      <ManufactureName>יקבי ארזה</ManufactureName>
      <ManufactureCountry>לא ידוע</ManufactureCountry>
      <ManufactureItemDescription>יין גינוסר 1 ליטר</ManufactureItemDescription>
      <UnitQty>ליטר</UnitQty>
      <Quantity>1.00</Quantity>
      <UnitOfMeasure>ליטר    </UnitOfMeasure>
      <bIsWeighted>0</bIsWeighted>
      <QtyInPackage>לא ידוע</QtyInPackage>
      <ItemPrice>14.90</ItemPrice>
      <UnitOfMeasurePrice>14.90</UnitOfMeasurePrice>
      <AllowDiscount>1</AllowDiscount>
      <ItemStatus>2</ItemStatus>
    </Item>
    <Item>
      <PriceUpdateTime>2025-04-11T08:23:43.000</PriceUpdateTime>
      <ItemCode>7290004658946</ItemCode>
      <LastSaleDateTime>2026-01-22T18:37:59.000</LastSaleDateTime>
      <ItemType>1</ItemType>
      <ItemName>יין שרדונה פרייבט קו</ItemName>
      <ManufactureName>כרמל מזרחי</ManufactureName>
      <ManufactureCountry>לא ידוע</ManufactureCountry>
      <ManufactureItemDescription>יין שרדונה פרייבט קו</ManufactureItemDescription>
      <UnitQty>לא ידוע</UnitQty>
      <Quantity>750.00</Quantity>
      <UnitOfMeasure>100 מ"ל</UnitOfMeasure>
      <bIsWeighted>0</bIsWeighted>
      <QtyInPackage>לא ידוע</QtyInPackage>
      <ItemPrice>43.80</ItemPrice>
      <UnitOfMeasurePrice>0.06</UnitOfMeasurePrice>
      <AllowDiscount>1</AllowDiscount>
      <ItemStatus/>
    </Item>
    <Item>
      <PriceUpdateTime>2025-04-11T08:23:43.000</PriceUpdateTime>
      <ItemCode>7290004658953</ItemCode>
      <LastSaleDateTime>2015-01-01T00:00:00.000</LastSaleDateTime>
      <ItemType>1</ItemType>
      <ItemName>יין סוביניון בלאן פר</ItemName>
      <ManufactureName>כרמל מזרחי</ManufactureName>
      <ManufactureCountry>לא ידוע</ManufactureCountry>
      <ManufactureItemDescription>יין סוביניון בלאן פר</ManufactureItemDescription>
      <UnitQty>לא ידוע</UnitQty>
      <Quantity>750.00</Quantity>
      <UnitOfMeasure>100 מ"ל</UnitOfMeasure>
      <bIsWeighted>0</bIsWeighted>
      <QtyInPackage>לא ידוע</QtyInPackage>
      <ItemPrice>43.80</ItemPrice>
      <UnitOfMeasurePrice>0.06</UnitOfMeasurePrice>
      <AllowDiscount>1</AllowDiscount>
      <ItemStatus>2</ItemStatus>
    </Item>
    <Item>
      <PriceUpdateTime>2025-04-11T08:23:43.000</PriceUpdateTime>
      <ItemCode>7290004658960</ItemCode>
      <LastSaleDateTime>2015-01-01T00:00:00.000</LastSaleDateTime>
      <ItemType>1</ItemType>
      <ItemName>יין אמרלד ריזלינג פר</ItemName>
      <ManufactureName>כרמל מזרחי</ManufactureName>
      <ManufactureCountry>לא ידוע</ManufactureCountry>
      <ManufactureItemDescription>יין אמרלד ריזלינג פר</ManufactureItemDescription>
      <UnitQty>לא ידוע</UnitQty>
      <Quantity>750.00</Quantity>
      <UnitOfMeasure>100 מ"ל</UnitOfMeasure>
      <bIsWeighted>0</bIsWeighted>
      <QtyInPackage>לא ידוע</QtyInPackage>
      <ItemPrice>43.80</ItemPrice>
      <UnitOfMeasurePrice>0.06</UnitOfMeasurePrice>
      <AllowDiscount>1</AllowDiscount>
      <ItemStatus>2</ItemStatus>
    </Item>
    <Item>
      <PriceUpdateTime>2025-04-11T08:23:43.000</PriceUpdateTime>
      <ItemCode>7290005168284</ItemCode>
      <LastSaleDateTime>2015-01-01T00:00:00.000</LastSaleDateTime>
      <ItemType>1</ItemType>
      <ItemName>גן עדן 750 מ"ל</ItemName>
      <ManufactureName>יקבי ציון</ManufactureName>
      <ManufactureCountry>ישראל</ManufactureCountry>
      <ManufactureItemDescription>גן עדן 750 מ"ל</ManufactureItemDescription>
      <UnitQty>לא ידוע</UnitQty>
      <Quantity>750.00</Quantity>
      <UnitOfMeasure>100 מ"ל</UnitOfMeasure>
      <bIsWeighted>0</bIsWeighted>
      <QtyInPackage>לא ידוע</QtyInPackage>
      <ItemPrice>19.80</ItemPrice>
      <UnitOfMeasurePrice>0.03</UnitOfMeasurePrice>
      <AllowDiscount>1</AllowDiscount>
      <ItemStatus>2</ItemStatus>
    </Item>
    <Item>
      <PriceUpdateTime>2025-04-11T08:23:43.000</PriceUpdateTime>
      <ItemCode>7290005966033</ItemCode>
      <LastSaleDateTime>2025-12-04T00:00:00.000</LastSaleDateTime>
      <ItemType>1</ItemType>
      <ItemName>הר חרמון לבן 750 מ"ל</ItemName>
      <ManufactureName>יקב רמת הגולן</ManufactureName>
      <ManufactureCountry>לא ידוע</ManufactureCountry>
      <ManufactureItemDescription>הר חרמון לבן 750 מ"ל</ManufactureItemDescription>
      <UnitQty>לא ידוע</UnitQty>
      <Quantity>750.00</Quantity>
      <UnitOfMeasure>100 מ"ל</UnitOfMeasure>
      <bIsWeighted>0</bIsWeighted>
      <QtyInPackage>לא ידוע</QtyInPackage>
      <ItemPrice>34.90</ItemPrice>
      <UnitOfMeasurePrice>0.05</UnitOfMeasurePrice>
      <AllowDiscount>1</AllowDiscount>
      <ItemStatus/>
    </Item>
    <Item>
      <PriceUpdateTime>2025-04-11T08:23:43.000</PriceUpdateTime>
      <ItemCode>7290005966088</ItemCode>
      <LastSaleDateTime>2025-11-30T00:00:00.000</LastSaleDateTime>
      <ItemType>1</ItemType>
      <ItemName>הר חרמון אדום 750 מ"</ItemName>
      <ManufactureName>יקב רמת הגולן</ManufactureName>
      <ManufactureCountry>לא ידוע</ManufactureCountry>
      <ManufactureItemDescription>הר חרמון אדום 750 מ"</ManufactureItemDescription>
      <UnitQty>לא ידוע</UnitQty>
      <Quantity>750.00</Quantity>
      <UnitOfMeasure>100 מ"ל</UnitOfMeasure>
      <bIsWeighted>0</bIsWeighted>
      <QtyInPackage>לא ידוע</QtyInPackage>
      <ItemPrice>34.90</ItemPrice>
      <UnitOfMeasurePrice>0.05</UnitOfMeasurePrice>
      <AllowDiscount>1</AllowDiscount>
      <ItemStatus/>
    </Item>
    <Item>
      <PriceUpdateTime>2025-04-11T08:23:44.000</PriceUpdateTime>
      <ItemCode>7290006696595</ItemCode>
      <LastSaleDateTime>2015-01-01T00:00:00.000</LastSaleDateTime>
      <ItemType>1</ItemType>
      <ItemName>יין אדום מתוק מסורת</ItemName>
      <ManufactureName>יקבי אפרת</ManufactureName>
      <ManufactureCountry>לא ידוע</ManufactureCountry>
      <ManufactureItemDescription>יין אדום מתוק מסורת</ManufactureItemDescription>
      <UnitQty>ליטר</UnitQty>
      <Quantity>1.00</Quantity>
      <UnitOfMeasure>ליטר    </UnitOfMeasure>
      <bIsWeighted>0</bIsWeighted>
      <QtyInPackage>לא ידוע</QtyInPackage>
      <ItemPrice>19.90</ItemPrice>
      <UnitOfMeasurePrice>19.90</UnitOfMeasurePrice>
      <AllowDiscount>1</AllowDiscount>
      <ItemStatus>2</ItemStatus>
    </Item>
    <Item>
      <PriceUpdateTime>2025-04-11T08:23:44.000</PriceUpdateTime>
      <ItemCode>7290006256102</ItemCode>
      <LastSaleDateTime>2026-01-14T22:08:57.000</LastSaleDateTime>
      <ItemType>1</ItemType>
      <ItemName>יין אדום מרלו גאטו נ</ItemName>
      <ManufactureName>יקבי הר מרון</ManufactureName>
      <ManufactureCountry>לא ידוע</ManufactureCountry>
      <ManufactureItemDescription>יין אדום מרלו גאטו נ</ManufactureItemDescription>
      <UnitQty>לא ידוע</UnitQty>
      <Quantity>750.00</Quantity>
      <UnitOfMeasure>100 מ"ל</UnitOfMeasure>
      <bIsWeighted>0</bIsWeighted>
      <QtyInPackage>לא ידוע</QtyInPackage>
      <ItemPrice>35.90</ItemPrice>
      <UnitOfMeasurePrice>0.05</UnitOfMeasurePrice>
      <AllowDiscount>1</AllowDiscount>
      <ItemStatus/>
    </Item>
    <Item>
      <PriceUpdateTime>2025-04-11T08:23:44.000</PriceUpdateTime>
      <ItemCode>7290006256775</ItemCode>
      <LastSaleDateTime>2026-01-28T12:02:22.000</LastSaleDateTime>
      <ItemType>1</ItemType>
      <ItemName>גאטו נגרו מלבק 750 מ</ItemName>
      <ManufactureName>לא ידוע</ManufactureName>
      <ManufactureCountry>לא ידוע</ManufactureCountry>
      <ManufactureItemDescription>גאטו נגרו מלבק 750 מ</ManufactureItemDescription>
      <UnitQty>לא ידוע</UnitQty>
      <Quantity>750.00</Quantity>
      <UnitOfMeasure>100 מ"ל</UnitOfMeasure>
      <bIsWeighted>0</bIsWeighted>
      <QtyInPackage>לא ידוע</QtyInPackage>
      <ItemPrice>35.90</ItemPrice>
      <UnitOfMeasurePrice>0.05</UnitOfMeasurePrice>
      <AllowDiscount>1</AllowDiscount>
      <ItemStatus/>
    </Item>
    <Item>
      <PriceUpdateTime>2025-04-11T08:23:45.000</PriceUpdateTime>
      <ItemCode>7290008801010</ItemCode>
      <LastSaleDateTime>2026-01-29T12:55:43.000</LastSaleDateTime>
      <ItemType>1</ItemType>
      <ItemName>ין קברנה /מרלו פרייב</ItemName>
      <ManufactureName>כרמל מזרחי</ManufactureName>
      <ManufactureCountry>לא ידוע</ManufactureCountry>
      <ManufactureItemDescription>ין קברנה /מרלו פרייב</ManufactureItemDescription>
      <UnitQty>לא ידוע</UnitQty>
      <Quantity>750.00</Quantity>
      <UnitOfMeasure>100 מ"ל</UnitOfMeasure>
      <bIsWeighted>0</bIsWeighted>
      <QtyInPackage>לא ידוע</QtyInPackage>
      <ItemPrice>43.80</ItemPrice>
      <UnitOfMeasurePrice>0.06</UnitOfMeasurePrice>
      <AllowDiscount>1</AllowDiscount>
      <ItemStatus/>
    </Item>
    <Item>
      <PriceUpdateTime>2025-04-11T08:23:45.000</PriceUpdateTime>
      <ItemCode>7290008801119</ItemCode>
      <LastSaleDateTime>2026-01-29T19:33:33.000</LastSaleDateTime>
      <ItemType>1</ItemType>
      <ItemName>יין סלקטד סובניון בל</ItemName>
      <ManufactureName>כרמל מזרחי</ManufactureName>
      <ManufactureCountry>לא ידוע</ManufactureCountry>
      <ManufactureItemDescription>יין סלקטד סובניון בל</ManufactureItemDescription>
      <UnitQty>לא ידוע</UnitQty>
      <Quantity>750.00</Quantity>
      <UnitOfMeasure>100 מ"ל</UnitOfMeasure>
      <bIsWeighted>0</bIsWeighted>
      <QtyInPackage>לא ידוע</QtyInPackage>
      <ItemPrice>31.70</ItemPrice>
      <UnitOfMeasurePrice>0.04</UnitOfMeasurePrice>
      <AllowDiscount>1</AllowDiscount>
      <ItemStatus/>
    </Item>
    <Item>
      <PriceUpdateTime>2025-04-11T08:23:45.000</PriceUpdateTime>
      <ItemCode>7290008801157</ItemCode>
      <LastSaleDateTime>2025-11-27T00:00:00.000</LastSaleDateTime>
      <ItemType>1</ItemType>
      <ItemName>יין מרלו סלקטד יקבי</ItemName>
      <ManufactureName>כרמל מזרחי</ManufactureName>
      <ManufactureCountry>לא ידוע</ManufactureCountry>
      <ManufactureItemDescription>יין מרלו סלקטד יקבי</ManufactureItemDescription>
      <UnitQty>לא ידוע</UnitQty>
      <Quantity>750.00</Quantity>
      <UnitOfMeasure>100 מ"ל</UnitOfMeasure>
      <bIsWeighted>0</bIsWeighted>
      <QtyInPackage>לא ידוע</QtyInPackage>
      <ItemPrice>31.70</ItemPrice>
      <UnitOfMeasurePrice>0.04</UnitOfMeasurePrice>
      <AllowDiscount>1</AllowDiscount>
      <ItemStatus/>
    </Item>
    <Item>
      <PriceUpdateTime>2025-04-11T08:23:45.000</PriceUpdateTime>
      <ItemCode>7290008801539</ItemCode>
      <LastSaleDateTime>2015-01-01T00:00:00.000</LastSaleDateTime>
      <ItemType>1</ItemType>
      <ItemName>יין כרמל 120 קינג די</ItemName>
      <ManufactureName>כרמל מזרחי</ManufactureName>
      <ManufactureCountry>לא ידוע</ManufactureCountry>
      <ManufactureItemDescription>יין כרמל 120 קינג די</ManufactureItemDescription>
      <UnitQty>לא ידוע</UnitQty>
      <Quantity>750.00</Quantity>
      <UnitOfMeasure>100 מ"ל</UnitOfMeasure>
      <bIsWeighted>0</bIsWeighted>
      <QtyInPackage>לא ידוע</QtyInPackage>
      <ItemPrice>18.90</ItemPrice>
      <UnitOfMeasurePrice>0.03</UnitOfMeasurePrice>
      <AllowDiscount>1</AllowDiscount>
      <ItemStatus>2</ItemStatus>
    </Item>
    <Item>
      <PriceUpdateTime>2025-04-11T08:23:45.000</PriceUpdateTime>
      <ItemCode>7290008801843</ItemCode>
      <LastSaleDateTime>2026-01-29T22:32:37.000</LastSaleDateTime>
      <ItemType>1</ItemType>
      <ItemName>יין קברנה סוביניון ס</ItemName>
      <ManufactureName>כרמל מזרחי</ManufactureName>
      <ManufactureCountry>לא ידוע</ManufactureCountry>
      <ManufactureItemDescription>יין קברנה סוביניון ס</ManufactureItemDescription>
      <UnitQty>לא ידוע</UnitQty>
      <Quantity>750.00</Quantity>
      <UnitOfMeasure>100 מ"ל</UnitOfMeasure>
      <bIsWeighted>0</bIsWeighted>
      <QtyInPackage>לא ידוע</QtyInPackage>
      <ItemPrice>31.70</ItemPrice>
      <UnitOfMeasurePrice>0.04</UnitOfMeasurePrice>
      <AllowDiscount>1</AllowDiscount>
      <ItemStatus/>
    </Item>
    <Item>
      <PriceUpdateTime>2025-04-11T08:23:45.000</PriceUpdateTime>
      <ItemCode>7290008801850</ItemCode>
      <LastSaleDateTime>2026-01-29T19:33:33.000</LastSaleDateTime>
      <ItemType>1</ItemType>
      <ItemName>יין אמרלד ריזלינג סל</ItemName>
      <ManufactureName>כרמל מזרחי</ManufactureName>
      <ManufactureCountry>לא ידוע</ManufactureCountry>
      <ManufactureItemDescription>יין אמרלד ריזלינג סל</ManufactureItemDescription>
      <UnitQty>לא ידוע</UnitQty>
      <Quantity>750.00</Quantity>
      <UnitOfMeasure>100 מ"ל</UnitOfMeasure>
      <bIsWeighted>0</bIsWeighted>
      <QtyInPackage>לא ידוע</QtyInPackage>
      <ItemPrice>31.70</ItemPrice>
      <UnitOfMeasurePrice>0.04</UnitOfMeasurePrice>
      <AllowDiscount>1</AllowDiscount>
      <ItemStatus/>
    </Item>
    <Item>
      <PriceUpdateTime>2025-04-11T08:23:45.000</PriceUpdateTime>
      <ItemCode>7290008802291</ItemCode>
      <LastSaleDateTime>2026-01-27T12:47:22.000</LastSaleDateTime>
      <ItemType>1</ItemType>
      <ItemName>יין מרלו פרייבט קולק</ItemName>
      <ManufactureName>כרמל מזרחי</ManufactureName>
      <ManufactureCountry>לא ידוע</ManufactureCountry>
      <ManufactureItemDescription>יין מרלו פרייבט קולק</ManufactureItemDescription>
      <UnitQty>לא ידוע</UnitQty>
      <Quantity>750.00</Quantity>
      <UnitOfMeasure>100 מ"ל</UnitOfMeasure>
      <bIsWeighted>0</bIsWeighted>
      <QtyInPackage>לא ידוע</QtyInPackage>
      <ItemPrice>43.80</ItemPrice>
      <UnitOfMeasurePrice>0.06</UnitOfMeasurePrice>
      <AllowDiscount>1</AllowDiscount>
      <ItemStatus/>
    </Item>
    <Item>
      <PriceUpdateTime>2025-04-11T08:23:45.000</PriceUpdateTime>
      <ItemCode>7290008802895</ItemCode>
      <LastSaleDateTime>2026-01-28T19:31:43.000</LastSaleDateTime>
      <ItemType>1</ItemType>
      <ItemName>יין קברנה סוביניון פ</ItemName>
      <ManufactureName>כרמל מזרחי</ManufactureName>
      <ManufactureCountry>לא ידוע</ManufactureCountry>
      <ManufactureItemDescription>יין קברנה סוביניון פ</ManufactureItemDescription>
      <UnitQty>לא ידוע</UnitQty>
      <Quantity>750.00</Quantity>
      <UnitOfMeasure>100 מ"ל</UnitOfMeasure>
      <bIsWeighted>0</bIsWeighted>
      <QtyInPackage>לא ידוע</QtyInPackage>
      <ItemPrice>43.80</ItemPrice>
      <UnitOfMeasurePrice>0.06</UnitOfMeasurePrice>
      <AllowDiscount>1</AllowDiscount>
      <ItemStatus/>
    </Item>
    <Item>
      <PriceUpdateTime>2025-04-11T08:23:45.000</PriceUpdateTime>
      <ItemCode>7290008804332</ItemCode>
      <LastSaleDateTime>2026-01-29T13:44:34.000</LastSaleDateTime>
      <ItemType>1</ItemType>
      <ItemName>יין שיראז פרייבט קול</ItemName>
      <ManufactureName>כרמל מזרחי</ManufactureName>
      <ManufactureCountry>לא ידוע</ManufactureCountry>
      <ManufactureItemDescription>יין שיראז פרייבט קול</ManufactureItemDescription>
      <UnitQty>לא ידוע</UnitQty>
      <Quantity>750.00</Quantity>
      <UnitOfMeasure>100 מ"ל</UnitOfMeasure>
      <bIsWeighted>0</bIsWeighted>
      <QtyInPackage>לא ידוע</QtyInPackage>
      <ItemPrice>43.80</ItemPrice>
      <UnitOfMeasurePrice>0.06</UnitOfMeasurePrice>
      <AllowDiscount>1</AllowDiscount>
      <ItemStatus/>
    </Item>
    <Item>
      <PriceUpdateTime>2025-04-11T08:23:45.000</PriceUpdateTime>
      <ItemCode>7290008804462</ItemCode>
      <LastSaleDateTime>2026-01-19T14:49:06.000</LastSaleDateTime>
      <ItemType>1</ItemType>
      <ItemName>יין מוסקט קינוח פריי</ItemName>
      <ManufactureName>כרמל מזרחי</ManufactureName>
      <ManufactureCountry>לא ידוע</ManufactureCountry>
      <ManufactureItemDescription>יין מוסקט קינוח פריי</ManufactureItemDescription>
      <UnitQty>לא ידוע</UnitQty>
      <Quantity>500.00</Quantity>
      <UnitOfMeasure>100 מ"ל</UnitOfMeasure>
      <bIsWeighted>0</bIsWeighted>
      <QtyInPackage>לא ידוע</QtyInPackage>
      <ItemPrice>43.80</ItemPrice>
      <UnitOfMeasurePrice>0.09</UnitOfMeasurePrice>
      <AllowDiscount>1</AllowDiscount>
      <ItemStatus/>
    </Item>
    <Item>
      <PriceUpdateTime>2025-04-11T08:23:45.000</PriceUpdateTime>
      <ItemCode>7290008805049</ItemCode>
      <LastSaleDateTime>2026-01-15T08:41:41.000</LastSaleDateTime>
      <ItemType>1</ItemType>
      <ItemName>יין רוזה סלקטד יקבי</ItemName>
      <ManufactureName>כרמל מזרחי</ManufactureName>
      <ManufactureCountry>לא ידוע</ManufactureCountry>
      <ManufactureItemDescription>יין רוזה סלקטד יקבי</ManufactureItemDescription>
      <UnitQty>לא ידוע</UnitQty>
      <Quantity>750.00</Quantity>
      <UnitOfMeasure>100 מ"ל</UnitOfMeasure>
      <bIsWeighted>0</bIsWeighted>
      <QtyInPackage>לא ידוע</QtyInPackage>
      <ItemPrice>31.70</ItemPrice>
      <UnitOfMeasurePrice>0.04</UnitOfMeasurePrice>
      <AllowDiscount>1</AllowDiscount>
      <ItemStatus/>
    </Item>
    <Item>
      <PriceUpdateTime>2025-04-11T08:23:45.000</PriceUpdateTime>
      <ItemCode>7290008805384</ItemCode>
      <LastSaleDateTime>2026-01-22T19:18:58.000</LastSaleDateTime>
      <ItemType>1</ItemType>
      <ItemName>יין מוסקטו סלקטד יקב</ItemName>
      <ManufactureName>כרמל מזרחי</ManufactureName>
      <ManufactureCountry>לא ידוע</ManufactureCountry>
      <ManufactureItemDescription>יין מוסקטו סלקטד יקב</ManufactureItemDescription>
      <UnitQty>לא ידוע</UnitQty>
      <Quantity>750.00</Quantity>
      <UnitOfMeasure>100 מ"ל</UnitOfMeasure>
      <bIsWeighted>0</bIsWeighted>
      <QtyInPackage>לא ידוע</QtyInPackage>
      <ItemPrice>31.70</ItemPrice>
      <UnitOfMeasurePrice>0.04</UnitOfMeasurePrice>
      <AllowDiscount>1</AllowDiscount>
      <ItemStatus/>
    </Item>
    <Item>
      <PriceUpdateTime>2025-04-11T08:23:45.000</PriceUpdateTime>
      <ItemCode>7290008670012</ItemCode>
      <LastSaleDateTime>2015-01-01T00:00:00.000</LastSaleDateTime>
      <ItemType>1</ItemType>
      <ItemName>יין אדום קברנה סובינ</ItemName>
      <ManufactureName>אחים שקד</ManufactureName>
      <ManufactureCountry>לא ידוע</ManufactureCountry>
      <ManufactureItemDescription>יין אדום קברנה סובינ</ManufactureItemDescription>
      <UnitQty>לא ידוע</UnitQty>
      <Quantity>750.00</Quantity>
      <UnitOfMeasure>100 מ"ל</UnitOfMeasure>
      <bIsWeighted>0</bIsWeighted>
      <QtyInPackage>לא ידוע</QtyInPackage>
      <ItemPrice>49.90</ItemPrice>
      <UnitOfMeasurePrice>0.07</UnitOfMeasurePrice>
      <AllowDiscount>1</AllowDiscount>
      <ItemStatus>2</ItemStatus>
    </Item>
    <Item>
      <PriceUpdateTime>2025-04-11T08:23:45.000</PriceUpdateTime>
      <ItemCode>7290008670029</ItemCode>
      <LastSaleDateTime>2015-01-01T00:00:00.000</LastSaleDateTime>
      <ItemType>1</ItemType>
      <ItemName>יין אדום מרלו רקנאטי</ItemName>
      <ManufactureName>אחים שקד</ManufactureName>
      <ManufactureCountry>לא ידוע</ManufactureCountry>
      <ManufactureItemDescription>יין אדום מרלו רקנאטי</ManufactureItemDescription>
      <UnitQty>לא ידוע</UnitQty>
      <Quantity>750.00</Quantity>
      <UnitOfMeasure>100 מ"ל</UnitOfMeasure>
      <bIsWeighted>0</bIsWeighted>
      <QtyInPackage>לא ידוע</QtyInPackage>
      <ItemPrice>49.90</ItemPrice>
      <UnitOfMeasurePrice>0.07</UnitOfMeasurePrice>
      <AllowDiscount>1</AllowDiscount>
      <ItemStatus>2</ItemStatus>
    </Item>
    <Item>
      <PriceUpdateTime>2025-04-11T08:23:45.000</PriceUpdateTime>
      <ItemCode>7290008670142</ItemCode>
      <LastSaleDateTime>2026-01-09T11:06:31.000</LastSaleDateTime>
      <ItemType>1</ItemType>
      <ItemName>יין אדום יסמין רקנאט</ItemName>
      <ManufactureName>אחים שקד</ManufactureName>
      <ManufactureCountry>לא ידוע</ManufactureCountry>
      <ManufactureItemDescription>יין אדום יסמין רקנאט</ManufactureItemDescription>
      <UnitQty>לא ידוע</UnitQty>
      <Quantity>750.00</Quantity>
      <UnitOfMeasure>100 מ"ל</UnitOfMeasure>
      <bIsWeighted>0</bIsWeighted>
      <QtyInPackage>לא ידוע</QtyInPackage>
      <ItemPrice>36.50</ItemPrice>
      <UnitOfMeasurePrice>0.05</UnitOfMeasurePrice>
      <AllowDiscount>1</AllowDiscount>
      <ItemStatus/>
    </Item>
    <Item>
      <PriceUpdateTime>2025-04-11T08:23:45.000</PriceUpdateTime>
      <ItemCode>7290008670159</ItemCode>
      <LastSaleDateTime>2026-01-22T19:38:19.000</LastSaleDateTime>
      <ItemType>1</ItemType>
      <ItemName>יין לבן יסמין רקנאטי</ItemName>
      <ManufactureName>אחים שקד</ManufactureName>
      <ManufactureCountry>לא ידוע</ManufactureCountry>
      <ManufactureItemDescription>יין לבן יסמין רקנאטי</ManufactureItemDescription>
      <UnitQty>לא ידוע</UnitQty>
      <Quantity>750.00</Quantity>
      <UnitOfMeasure>100 מ"ל</UnitOfMeasure>
      <bIsWeighted>0</bIsWeighted>
      <QtyInPackage>לא ידוע</QtyInPackage>
      <ItemPrice>36.50</ItemPrice>
      <UnitOfMeasurePrice>0.05</UnitOfMeasurePrice>
      <AllowDiscount>1</AllowDiscount>
      <ItemStatus/>
    </Item>
    <Item>
      <PriceUpdateTime>2025-04-11T08:23:46.000</PriceUpdateTime>
      <ItemCode>7290008836265</ItemCode>
      <LastSaleDateTime>2015-01-01T00:00:00.000</LastSaleDateTime>
      <ItemType>1</ItemType>
      <ItemName>נינוה יין לבן מוסקט</ItemName>
      <ManufactureName>יקבי אפרת</ManufactureName>
      <ManufactureCountry>לא ידוע</ManufactureCountry>
      <ManufactureItemDescription>נינוה יין לבן מוסקט</ManufactureItemDescription>
      <UnitQty>לא ידוע</UnitQty>
      <Quantity>750.00</Quantity>
      <UnitOfMeasure>100 מ"ל</UnitOfMeasure>
      <bIsWeighted>0</bIsWeighted>
      <QtyInPackage>לא ידוע</QtyInPackage>
      <ItemPrice>24.90</ItemPrice>
      <UnitOfMeasurePrice>0.03</UnitOfMeasurePrice>
      <AllowDiscount>1</AllowDiscount>
      <ItemStatus>2</ItemStatus>
    </Item>
    <Item>
      <PriceUpdateTime>2025-04-11T08:23:46.000</PriceUpdateTime>
      <ItemCode>7290008836272</ItemCode>
      <LastSaleDateTime>2015-01-01T00:00:00.000</LastSaleDateTime>
      <ItemType>1</ItemType>
      <ItemName>יין אדום נינוה מוסקט</ItemName>
      <ManufactureName>יקבי אפרת</ManufactureName>
      <ManufactureCountry>לא ידוע</ManufactureCountry>
      <ManufactureItemDescription>יין אדום נינוה מוסקט</ManufactureItemDescription>
      <UnitQty>לא ידוע</UnitQty>
      <Quantity>750.00</Quantity>
      <UnitOfMeasure>100 מ"ל</UnitOfMeasure>
      <bIsWeighted>0</bIsWeighted>
      <QtyInPackage>לא ידוע</QtyInPackage>
      <ItemPrice>24.90</ItemPrice>
      <UnitOfMeasurePrice>0.03</UnitOfMeasurePrice>
      <AllowDiscount>1</AllowDiscount>
      <ItemStatus>2</ItemStatus>
    </Item>
    <Item>
      <PriceUpdateTime>2025-04-11T08:23:46.000</PriceUpdateTime>
      <ItemCode>7290008836401</ItemCode>
      <LastSaleDateTime>2015-01-01T00:00:00.000</LastSaleDateTime>
      <ItemType>1</ItemType>
      <ItemName>יין אדום מתוק ישן נו</ItemName>
      <ManufactureName>יקבי אפרת</ManufactureName>
      <ManufactureCountry>לא ידוע</ManufactureCountry>
      <ManufactureItemDescription>יין אדום מתוק ישן נו</ManufactureItemDescription>
      <UnitQty>ליטר</UnitQty>
      <Quantity>1.00</Quantity>
      <UnitOfMeasure>ליטר    </UnitOfMeasure>
      <bIsWeighted>0</bIsWeighted>
      <QtyInPackage>לא ידוע</QtyInPackage>
      <ItemPrice>19.90</ItemPrice>
      <UnitOfMeasurePrice>19.90</UnitOfMeasurePrice>
      <AllowDiscount>1</AllowDiscount>
      <ItemStatus>2</ItemStatus>
    </Item>
    <Item>
      <PriceUpdateTime>2025-04-11T08:23:46.000</PriceUpdateTime>
      <ItemCode>7290008836425</ItemCode>
      <LastSaleDateTime>2015-01-01T00:00:00.000</LastSaleDateTime>
      <ItemType>1</ItemType>
      <ItemName>יין קל אפרת 1 ליטר</ItemName>
      <ManufactureName>יקבי אפרת</ManufactureName>
      <ManufactureCountry>לא ידוע</ManufactureCountry>
      <ManufactureItemDescription>יין קל אפרת 1 ליטר</ManufactureItemDescription>
      <UnitQty>ליטר</UnitQty>
      <Quantity>1.00</Quantity>
      <UnitOfMeasure>ליטר    </UnitOfMeasure>
      <bIsWeighted>0</bIsWeighted>
      <QtyInPackage>לא ידוע</QtyInPackage>
      <ItemPrice>19.90</ItemPrice>
      <UnitOfMeasurePrice>19.90</UnitOfMeasurePrice>
      <AllowDiscount>1</AllowDiscount>
      <ItemStatus>2</ItemStatus>
    </Item>
    <Item>
      <PriceUpdateTime>2025-04-11T08:23:46.000</PriceUpdateTime>
      <ItemCode>7290010849505</ItemCode>
      <LastSaleDateTime>2026-01-02T13:17:32.000</LastSaleDateTime>
      <ItemType>1</ItemType>
      <ItemName>למברוסקו די לואיג'י</ItemName>
      <ManufactureName>קאויקיולי</ManufactureName>
      <ManufactureCountry>איטליה</ManufactureCountry>
      <ManufactureItemDescription>למברוסקו די לואיג'י רוסו</ManufactureItemDescription>
      <UnitQty>לא ידוע</UnitQty>
      <Quantity>750.00</Quantity>
      <UnitOfMeasure>100 מ"ל</UnitOfMeasure>
      <bIsWeighted>0</bIsWeighted>
      <QtyInPackage>לא ידוע</QtyInPackage>
      <ItemPrice>27.90</ItemPrice>
      <UnitOfMeasurePrice>0.04</UnitOfMeasurePrice>
      <AllowDiscount>1</AllowDiscount>
      <ItemStatus/>
    </Item>
    <Item>
      <PriceUpdateTime>2025-04-11T08:23:46.000</PriceUpdateTime>
      <ItemCode>7290010849512</ItemCode>
      <LastSaleDateTime>2026-01-02T13:17:32.000</LastSaleDateTime>
      <ItemType>1</ItemType>
      <ItemName>למברוסקו די לואיג'י</ItemName>
      <ManufactureName>קאויקיולי</ManufactureName>
      <ManufactureCountry>איטליה</ManufactureCountry>
      <ManufactureItemDescription>למברוסקו די לואיג' רוזאטו</ManufactureItemDescription>
      <UnitQty>לא ידוע</UnitQty>
      <Quantity>750.00</Quantity>
      <UnitOfMeasure>100 מ"ל</UnitOfMeasure>
      <bIsWeighted>0</bIsWeighted>
      <QtyInPackage>לא ידוע</QtyInPackage>
      <ItemPrice>27.90</ItemPrice>
      <UnitOfMeasurePrice>0.04</UnitOfMeasurePrice>
      <AllowDiscount>1</AllowDiscount>
      <ItemStatus/>
    </Item>
    <Item>
      <PriceUpdateTime>2025-04-11T08:23:46.000</PriceUpdateTime>
      <ItemCode>7290010849529</ItemCode>
      <LastSaleDateTime>2025-11-13T00:00:00.000</LastSaleDateTime>
      <ItemType>1</ItemType>
      <ItemName>למברוסקו די לואיג'י</ItemName>
      <ManufactureName>קאויקיולי</ManufactureName>
      <ManufactureCountry>איטליה</ManufactureCountry>
      <ManufactureItemDescription>למברוסקו די לואיג'י ביאנק</ManufactureItemDescription>
      <UnitQty>לא ידוע</UnitQty>
      <Quantity>750.00</Quantity>
      <UnitOfMeasure>100 מ"ל</UnitOfMeasure>
      <bIsWeighted>0</bIsWeighted>
      <QtyInPackage>לא ידוע</QtyInPackage>
      <ItemPrice>27.90</ItemPrice>
      <UnitOfMeasurePrice>0.04</UnitOfMeasurePrice>
      <AllowDiscount>1</AllowDiscount>
      <ItemStatus/>
    </Item>
    <Item>
      <PriceUpdateTime>2025-04-11T08:23:46.000</PriceUpdateTime>
      <ItemCode>7290008805520</ItemCode>
      <LastSaleDateTime>2026-01-29T20:45:40.000</LastSaleDateTime>
      <ItemType>1</ItemType>
      <ItemName>יין קברנה /מרלו סלקט</ItemName>
      <ManufactureName>כרמל מזרחי</ManufactureName>
      <ManufactureCountry>לא ידוע</ManufactureCountry>
      <ManufactureItemDescription>יין קברנה /מרלו סלקט</ManufactureItemDescription>
      <UnitQty>לא ידוע</UnitQty>
      <Quantity>750.00</Quantity>
      <UnitOfMeasure>100 מ"ל</UnitOfMeasure>
      <bIsWeighted>0</bIsWeighted>
      <QtyInPackage>לא ידוע</QtyInPackage>
      <ItemPrice>31.70</ItemPrice>
      <UnitOfMeasurePrice>0.04</UnitOfMeasurePrice>
      <AllowDiscount>1</AllowDiscount>
      <ItemStatus/>
    </Item>
    <Item>
      <PriceUpdateTime>2025-04-11T08:23:47.000</PriceUpdateTime>
      <ItemCode>7290012576348</ItemCode>
      <LastSaleDateTime>2015-01-01T00:00:00.000</LastSaleDateTime>
      <ItemType>1</ItemType>
      <ItemName>ספיישל רזרב שרדונה 7</ItemName>
      <ManufactureName>לא ידוע</ManufactureName>
      <ManufactureCountry>לא ידוע</ManufactureCountry>
      <ManufactureItemDescription>ספיישל רזרב שרדונה 7</ManufactureItemDescription>
      <UnitQty>לא ידוע</UnitQty>
      <Quantity>750.00</Quantity>
      <UnitOfMeasure>100 מ"ל</UnitOfMeasure>
      <bIsWeighted>0</bIsWeighted>
      <QtyInPackage>לא ידוע</QtyInPackage>
      <ItemPrice>54.90</ItemPrice>
      <UnitOfMeasurePrice>0.07</UnitOfMeasurePrice>
      <AllowDiscount>1</AllowDiscount>
      <ItemStatus>2</ItemStatus>
    </Item>
    <Item>
      <PriceUpdateTime>2025-04-11T08:23:47.000</PriceUpdateTime>
      <ItemCode>7290012576362</ItemCode>
      <LastSaleDateTime>2015-01-01T00:00:00.000</LastSaleDateTime>
      <ItemType>1</ItemType>
      <ItemName>ספיישל רזרב קברנה סו</ItemName>
      <ManufactureName>לא ידוע</ManufactureName>
      <ManufactureCountry>לא ידוע</ManufactureCountry>
      <ManufactureItemDescription>ספיישל רזרב קברנה סו</ManufactureItemDescription>
      <UnitQty>לא ידוע</UnitQty>
      <Quantity>750.00</Quantity>
      <UnitOfMeasure>100 מ"ל</UnitOfMeasure>
      <bIsWeighted>0</bIsWeighted>
      <QtyInPackage>לא ידוע</QtyInPackage>
      <ItemPrice>54.90</ItemPrice>
      <UnitOfMeasurePrice>0.07</UnitOfMeasurePrice>
      <AllowDiscount>1</AllowDiscount>
      <ItemStatus>2</ItemStatus>
    </Item>
    <Item>
      <PriceUpdateTime>2025-04-11T08:23:47.000</PriceUpdateTime>
      <ItemCode>7290012576379</ItemCode>
      <LastSaleDateTime>2025-11-27T00:00:00.000</LastSaleDateTime>
      <ItemType>1</ItemType>
      <ItemName>ספיישל רזרב מרלו 750</ItemName>
      <ManufactureName>לא ידוע</ManufactureName>
      <ManufactureCountry>לא ידוע</ManufactureCountry>
      <ManufactureItemDescription>ספיישל רזרב מרלו 750</ManufactureItemDescription>
      <UnitQty>לא ידוע</UnitQty>
      <Quantity>750.00</Quantity>
      <UnitOfMeasure>100 מ"ל</UnitOfMeasure>
      <bIsWeighted>0</bIsWeighted>
      <QtyInPackage>לא ידוע</QtyInPackage>
      <ItemPrice>54.90</ItemPrice>
      <UnitOfMeasurePrice>0.07</UnitOfMeasurePrice>
      <AllowDiscount>1</AllowDiscount>
      <ItemStatus/>
    </Item>
    <Item>
      <PriceUpdateTime>2025-04-11T08:23:49.000</PriceUpdateTime>
      <ItemCode>7290015781657</ItemCode>
      <LastSaleDateTime>2015-01-01T00:00:00.000</LastSaleDateTime>
      <ItemType>1</ItemType>
      <ItemName>למברוסקו רוזה</ItemName>
      <ManufactureName>לא ידוע</ManufactureName>
      <ManufactureCountry>לא ידוע</ManufactureCountry>
      <ManufactureItemDescription>למברוסקו רוזה</ManufactureItemDescription>
      <UnitQty>לא ידוע</UnitQty>
      <Quantity>750.00</Quantity>
      <UnitOfMeasure>100 מ"ל</UnitOfMeasure>
      <bIsWeighted>0</bIsWeighted>
      <QtyInPackage>לא ידוע</QtyInPackage>
      <ItemPrice>34.90</ItemPrice>
      <UnitOfMeasurePrice>0.05</UnitOfMeasurePrice>
      <AllowDiscount>1</AllowDiscount>
      <ItemStatus>2</ItemStatus>
    </Item>
    <Item>
      <PriceUpdateTime>2025-04-11T08:23:49.000</PriceUpdateTime>
      <ItemCode>7290015781664</ItemCode>
      <LastSaleDateTime>2015-01-01T00:00:00.000</LastSaleDateTime>
      <ItemType>1</ItemType>
      <ItemName>אלגרו למברוסקו לבן 7</ItemName>
      <ManufactureName>לא ידוע</ManufactureName>
      <ManufactureCountry>לא ידוע</ManufactureCountry>
      <ManufactureItemDescription>אלגרו למברוסקו לבן 7</ManufactureItemDescription>
      <UnitQty>לא ידוע</UnitQty>
      <Quantity>750.00</Quantity>
      <UnitOfMeasure>100 מ"ל</UnitOfMeasure>
      <bIsWeighted>0</bIsWeighted>
      <QtyInPackage>לא ידוע</QtyInPackage>
      <ItemPrice>34.90</ItemPrice>
      <UnitOfMeasurePrice>0.05</UnitOfMeasurePrice>
      <AllowDiscount>1</AllowDiscount>
      <ItemStatus>2</ItemStatus>
    </Item>
    <Item>
      <PriceUpdateTime>2025-04-11T08:23:49.000</PriceUpdateTime>
      <ItemCode>7290016188592</ItemCode>
      <LastSaleDateTime>2026-01-08T15:37:39.000</LastSaleDateTime>
      <ItemType>1</ItemType>
      <ItemName>למברוסקו אדום גקובזי</ItemName>
      <ManufactureName>ג'אגובאצי</ManufactureName>
      <ManufactureCountry>איטליה</ManufactureCountry>
      <ManufactureItemDescription>למברוסקו אדום גקובזי</ManufactureItemDescription>
      <UnitQty>לא ידוע</UnitQty>
      <Quantity>750.00</Quantity>
      <UnitOfMeasure>100 מ"ל</UnitOfMeasure>
      <bIsWeighted>0</bIsWeighted>
      <QtyInPackage>לא ידוע</QtyInPackage>
      <ItemPrice>23.90</ItemPrice>
      <UnitOfMeasurePrice>0.03</UnitOfMeasurePrice>
      <AllowDiscount>1</AllowDiscount>
      <ItemStatus/>
    </Item>
    <Item>
      <PriceUpdateTime>2025-04-11T08:23:49.000</PriceUpdateTime>
      <ItemCode>7290016188608</ItemCode>
      <LastSaleDateTime>2026-01-29T16:04:59.000</LastSaleDateTime>
      <ItemType>1</ItemType>
      <ItemName>למברוסקו לבן יקבי כר</ItemName>
      <ManufactureName>ג'אגובאצי</ManufactureName>
      <ManufactureCountry>איטליה</ManufactureCountry>
      <ManufactureItemDescription>למברוסקו לבן יקבי כר</ManufactureItemDescription>
      <UnitQty>לא ידוע</UnitQty>
      <Quantity>750.00</Quantity>
      <UnitOfMeasure>100 מ"ל</UnitOfMeasure>
      <bIsWeighted>0</bIsWeighted>
      <QtyInPackage>לא ידוע</QtyInPackage>
      <ItemPrice>23.90</ItemPrice>
      <UnitOfMeasurePrice>0.03</UnitOfMeasurePrice>
      <AllowDiscount>1</AllowDiscount>
      <ItemStatus/>
    </Item>
    <Item>
      <PriceUpdateTime>2025-04-11T08:23:49.000</PriceUpdateTime>
      <ItemCode>7290014027213</ItemCode>
      <LastSaleDateTime>2015-01-01T00:00:00.000</LastSaleDateTime>
      <ItemType>1</ItemType>
      <ItemName>ערק ג'באלנא 700 מל</ItemName>
      <ManufactureName>לא ידוע</ManufactureName>
      <ManufactureCountry>לא ידוע</ManufactureCountry>
      <ManufactureItemDescription>ערק ג'באלנא 700 מל</ManufactureItemDescription>
      <UnitQty>לא ידוע</UnitQty>
      <Quantity>700.00</Quantity>
      <UnitOfMeasure>100 מ"ל</UnitOfMeasure>
      <bIsWeighted>0</bIsWeighted>
      <QtyInPackage>לא ידוע</QtyInPackage>
      <ItemPrice>54.90</ItemPrice>
      <UnitOfMeasurePrice>0.08</UnitOfMeasurePrice>
      <AllowDiscount>1</AllowDiscount>
      <ItemStatus>2</ItemStatus>
    </Item>
    <Item>
      <PriceUpdateTime>2025-04-11T08:23:49.000</PriceUpdateTime>
      <ItemCode>7290014466128</ItemCode>
      <LastSaleDateTime>2025-11-26T00:00:00.000</LastSaleDateTime>
      <ItemType>1</ItemType>
      <ItemName>הר חרמון אינדגו 750</ItemName>
      <ManufactureName>יקב רמת הגולן</ManufactureName>
      <ManufactureCountry>לא ידוע</ManufactureCountry>
      <ManufactureItemDescription>הר חרמון אינדגו 750</ManufactureItemDescription>
      <UnitQty>לא ידוע</UnitQty>
      <Quantity>750.00</Quantity>
      <UnitOfMeasure>100 מ"ל</UnitOfMeasure>
      <bIsWeighted>0</bIsWeighted>
      <QtyInPackage>לא ידוע</QtyInPackage>
      <ItemPrice>34.90</ItemPrice>
      <UnitOfMeasurePrice>0.05</UnitOfMeasurePrice>
      <AllowDiscount>1</AllowDiscount>
      <ItemStatus/>
    </Item>
    <Item>
      <PriceUpdateTime>2025-04-11T08:23:49.000</PriceUpdateTime>
      <ItemCode>7290014466463</ItemCode>
      <LastSaleDateTime>2025-10-20T00:00:00.000</LastSaleDateTime>
      <ItemType>1</ItemType>
      <ItemName>הר חרמון מוסקטו 750</ItemName>
      <ManufactureName>יקב רמת הגולן</ManufactureName>
      <ManufactureCountry>לא ידוע</ManufactureCountry>
      <ManufactureItemDescription>הר חרמון מוסקטו 750</ManufactureItemDescription>
      <UnitQty>לא ידוע</UnitQty>
      <Quantity>750.00</Quantity>
      <UnitOfMeasure>100 מ"ל</UnitOfMeasure>
      <bIsWeighted>0</bIsWeighted>
      <QtyInPackage>לא ידוע</QtyInPackage>
      <ItemPrice>34.90</ItemPrice>
      <UnitOfMeasurePrice>0.05</UnitOfMeasurePrice>
      <AllowDiscount>1</AllowDiscount>
      <ItemStatus>2</ItemStatus>
    </Item>
    <Item>
      <PriceUpdateTime>2025-04-11T08:23:49.000</PriceUpdateTime>
      <ItemCode>7290015951227</ItemCode>
      <LastSaleDateTime>2025-07-18T00:00:00.000</LastSaleDateTime>
      <ItemType>1</ItemType>
      <ItemName>גמלא סירה 2017 750מל</ItemName>
      <ManufactureName>לא ידוע</ManufactureName>
      <ManufactureCountry>לא ידוע</ManufactureCountry>
      <ManufactureItemDescription>גמלא סירה 2017 750מל</ManufactureItemDescription>
      <UnitQty>לא ידוע</UnitQty>
      <Quantity>750.00</Quantity>
      <UnitOfMeasure>100 מ"ל</UnitOfMeasure>
      <bIsWeighted>0</bIsWeighted>
      <QtyInPackage>לא ידוע</QtyInPackage>
      <ItemPrice>59.90</ItemPrice>
      <UnitOfMeasurePrice>0.08</UnitOfMeasurePrice>
      <AllowDiscount>1</AllowDiscount>
      <ItemStatus>2</ItemStatus>
    </Item>
    <Item>
      <PriceUpdateTime>2025-04-11T08:23:49.000</PriceUpdateTime>
      <ItemCode>7290015951869</ItemCode>
      <LastSaleDateTime>2025-10-15T00:00:00.000</LastSaleDateTime>
      <ItemType>1</ItemType>
      <ItemName>הר חרמון רוזה 750מ"ל</ItemName>
      <ManufactureName>לא ידוע</ManufactureName>
      <ManufactureCountry>לא ידוע</ManufactureCountry>
      <ManufactureItemDescription>הר חרמון רוזה 750מ"ל</ManufactureItemDescription>
      <UnitQty>לא ידוע</UnitQty>
      <Quantity>750.00</Quantity>
      <UnitOfMeasure>100 מ"ל</UnitOfMeasure>
      <bIsWeighted>0</bIsWeighted>
      <QtyInPackage>לא ידוע</QtyInPackage>
      <ItemPrice>34.90</ItemPrice>
      <UnitOfMeasurePrice>0.05</UnitOfMeasurePrice>
      <AllowDiscount>1</AllowDiscount>
      <ItemStatus>2</ItemStatus>
    </Item>
    <Item>
      <PriceUpdateTime>2025-04-11T08:23:49.000</PriceUpdateTime>
      <ItemCode>7290015951890</ItemCode>
      <LastSaleDateTime>2025-12-05T00:00:00.000</LastSaleDateTime>
      <ItemType>1</ItemType>
      <ItemName>הר חרמון קברנה סובני</ItemName>
      <ManufactureName>לא ידוע</ManufactureName>
      <ManufactureCountry>לא ידוע</ManufactureCountry>
      <ManufactureItemDescription>הר חרמון קברנה סובני</ManufactureItemDescription>
      <UnitQty>לא ידוע</UnitQty>
      <Quantity>750.00</Quantity>
      <UnitOfMeasure>100 מ"ל</UnitOfMeasure>
      <bIsWeighted>0</bIsWeighted>
      <QtyInPackage>לא ידוע</QtyInPackage>
      <ItemPrice>34.90</ItemPrice>
      <UnitOfMeasurePrice>0.05</UnitOfMeasurePrice>
      <AllowDiscount>1</AllowDiscount>
      <ItemStatus/>
    </Item>
    <Item>
      <PriceUpdateTime>2025-04-11T08:23:50.000</PriceUpdateTime>
      <ItemCode>7290016717099</ItemCode>
      <LastSaleDateTime>2026-01-29T22:03:45.000</LastSaleDateTime>
      <ItemType>1</ItemType>
      <ItemName>יין אדום חצי יבש סלק</ItemName>
      <ManufactureName>כרמל מזרחי</ManufactureName>
      <ManufactureCountry>לא ידוע</ManufactureCountry>
      <ManufactureItemDescription>יין אדום חצי יבש סלק</ManufactureItemDescription>
      <UnitQty>לא ידוע</UnitQty>
      <Quantity>750.00</Quantity>
      <UnitOfMeasure>100 מ"ל</UnitOfMeasure>
      <bIsWeighted>0</bIsWeighted>
      <QtyInPackage>לא ידוע</QtyInPackage>
      <ItemPrice>31.70</ItemPrice>
      <UnitOfMeasurePrice>0.04</UnitOfMeasurePrice>
      <AllowDiscount>1</AllowDiscount>
      <ItemStatus/>
    </Item>
    <Item>
      <PriceUpdateTime>2025-04-11T08:23:50.000</PriceUpdateTime>
      <ItemCode>7290016717235</ItemCode>
      <LastSaleDateTime>2015-01-01T00:00:00.000</LastSaleDateTime>
      <ItemType>1</ItemType>
      <ItemName>יין קידוש קונקורד קי</ItemName>
      <ManufactureName>לא ידוע</ManufactureName>
      <ManufactureCountry>לא ידוע</ManufactureCountry>
      <ManufactureItemDescription>יין קידוש קונקורד קי</ManufactureItemDescription>
      <UnitQty>לא ידוע</UnitQty>
      <Quantity>187.00</Quantity>
      <UnitOfMeasure>100 מ"ל</UnitOfMeasure>
      <bIsWeighted>0</bIsWeighted>
      <QtyInPackage>לא ידוע</QtyInPackage>
      <ItemPrice>5.90</ItemPrice>
      <UnitOfMeasurePrice>0.03</UnitOfMeasurePrice>
      <AllowDiscount>1</AllowDiscount>
      <ItemStatus>2</ItemStatus>
    </Item>
    <Item>
      <PriceUpdateTime>2025-04-11T08:23:50.000</PriceUpdateTime>
      <ItemCode>7290016717631</ItemCode>
      <LastSaleDateTime>2026-01-27T12:47:22.000</LastSaleDateTime>
      <ItemType>1</ItemType>
      <ItemName>יין מוסקטו פרייבט קו</ItemName>
      <ManufactureName>לא ידוע</ManufactureName>
      <ManufactureCountry>לא ידוע</ManufactureCountry>
      <ManufactureItemDescription>יין מוסקטו פרייבט קו</ManufactureItemDescription>
      <UnitQty>לא ידוע</UnitQty>
      <Quantity>750.00</Quantity>
      <UnitOfMeasure>100 מ"ל</UnitOfMeasure>
      <bIsWeighted>0</bIsWeighted>
      <QtyInPackage>לא ידוע</QtyInPackage>
      <ItemPrice>43.80</ItemPrice>
      <UnitOfMeasurePrice>0.06</UnitOfMeasurePrice>
      <AllowDiscount>1</AllowDiscount>
      <ItemStatus/>
    </Item>
    <Item>
      <PriceUpdateTime>2025-04-11T08:23:50.000</PriceUpdateTime>
      <ItemCode>7290016693041</ItemCode>
      <LastSaleDateTime>2026-01-29T20:00:05.000</LastSaleDateTime>
      <ItemType>1</ItemType>
      <ItemName>אמירים רזרב קברנה 75</ItemName>
      <ManufactureName>לא ידוע</ManufactureName>
      <ManufactureCountry>לא ידוע</ManufactureCountry>
      <ManufactureItemDescription>אמירים רזרב קברנה 75</ManufactureItemDescription>
      <UnitQty>לא ידוע</UnitQty>
      <Quantity>750.00</Quantity>
      <UnitOfMeasure>100 מ"ל</UnitOfMeasure>
      <bIsWeighted>0</bIsWeighted>
      <QtyInPackage>לא ידוע</QtyInPackage>
      <ItemPrice>19.90</ItemPrice>
      <UnitOfMeasurePrice>0.03</UnitOfMeasurePrice>
      <AllowDiscount>1</AllowDiscount>
      <ItemStatus/>
    </Item>
    <Item>
      <PriceUpdateTime>2025-04-11T08:23:50.000</PriceUpdateTime>
      <ItemCode>7290016693058</ItemCode>
      <LastSaleDateTime>2026-01-22T18:31:17.000</LastSaleDateTime>
      <ItemType>1</ItemType>
      <ItemName>אמירים רזרב מרלו 750</ItemName>
      <ManufactureName>לא ידוע</ManufactureName>
      <ManufactureCountry>לא ידוע</ManufactureCountry>
      <ManufactureItemDescription>אמירים רזרב מרלו 750</ManufactureItemDescription>
      <UnitQty>לא ידוע</UnitQty>
      <Quantity>750.00</Quantity>
      <UnitOfMeasure>100 מ"ל</UnitOfMeasure>
      <bIsWeighted>0</bIsWeighted>
      <QtyInPackage>לא ידוע</QtyInPackage>
      <ItemPrice>19.90</ItemPrice>
      <UnitOfMeasurePrice>0.03</UnitOfMeasurePrice>
      <AllowDiscount>1</AllowDiscount>
      <ItemStatus/>
    </Item>
    <Item>
      <PriceUpdateTime>2025-04-11T08:23:50.000</PriceUpdateTime>
      <ItemCode>7290016693065</ItemCode>
      <LastSaleDateTime>2025-07-09T00:00:00.000</LastSaleDateTime>
      <ItemType>1</ItemType>
      <ItemName>אמירים רזרב רוזה 750</ItemName>
      <ManufactureName>לא ידוע</ManufactureName>
      <ManufactureCountry>לא ידוע</ManufactureCountry>
      <ManufactureItemDescription>אמירים רזרב רוזה 750</ManufactureItemDescription>
      <UnitQty>לא ידוע</UnitQty>
      <Quantity>750.00</Quantity>
      <UnitOfMeasure>100 מ"ל</UnitOfMeasure>
      <bIsWeighted>0</bIsWeighted>
      <QtyInPackage>לא ידוע</QtyInPackage>
      <ItemPrice>19.90</ItemPrice>
      <UnitOfMeasurePrice>0.03</UnitOfMeasurePrice>
      <AllowDiscount>1</AllowDiscount>
      <ItemStatus>2</ItemStatus>
    </Item>
    <Item>
      <PriceUpdateTime>2025-04-11T08:23:51.000</PriceUpdateTime>
      <ItemCode>7290017289175</ItemCode>
      <LastSaleDateTime>2015-01-01T00:00:00.000</LastSaleDateTime>
      <ItemType>1</ItemType>
      <ItemName>פטיט סירה סדרת ישראל</ItemName>
      <ManufactureName>לא ידוע</ManufactureName>
      <ManufactureCountry>לא ידוע</ManufactureCountry>
      <ManufactureItemDescription>פטיט סירה סדרת ישראל</ManufactureItemDescription>
      <UnitQty>לא ידוע</UnitQty>
      <Quantity>750.00</Quantity>
      <UnitOfMeasure>100 מ"ל</UnitOfMeasure>
      <bIsWeighted>0</bIsWeighted>
      <QtyInPackage>לא ידוע</QtyInPackage>
      <ItemPrice>21.50</ItemPrice>
      <UnitOfMeasurePrice>0.03</UnitOfMeasurePrice>
      <AllowDiscount>1</AllowDiscount>
      <ItemStatus>2</ItemStatus>
    </Item>
    <Item>
      <PriceUpdateTime>2025-04-11T08:23:51.000</PriceUpdateTime>
      <ItemCode>7290017289205</ItemCode>
      <LastSaleDateTime>2015-01-01T00:00:00.000</LastSaleDateTime>
      <ItemType>1</ItemType>
      <ItemName>קברנה סובניון סדרת י</ItemName>
      <ManufactureName>לא ידוע</ManufactureName>
      <ManufactureCountry>לא ידוע</ManufactureCountry>
      <ManufactureItemDescription>קברנה סובניון סדרת י</ManufactureItemDescription>
      <UnitQty>לא ידוע</UnitQty>
      <Quantity>750.00</Quantity>
      <UnitOfMeasure>100 מ"ל</UnitOfMeasure>
      <bIsWeighted>0</bIsWeighted>
      <QtyInPackage>לא ידוע</QtyInPackage>
      <ItemPrice>21.50</ItemPrice>
      <UnitOfMeasurePrice>0.03</UnitOfMeasurePrice>
      <AllowDiscount>1</AllowDiscount>
      <ItemStatus>2</ItemStatus>
    </Item>
    <Item>
      <PriceUpdateTime>2025-04-11T08:23:51.000</PriceUpdateTime>
      <ItemCode>7290017925363</ItemCode>
      <LastSaleDateTime>2015-01-01T00:00:00.000</LastSaleDateTime>
      <ItemType>1</ItemType>
      <ItemName>בירה נגב פאטה מורגנה</ItemName>
      <ManufactureName>לא ידוע</ManufactureName>
      <ManufactureCountry>לא ידוע</ManufactureCountry>
      <ManufactureItemDescription>בירה נגב פאטה מורגנה</ManufactureItemDescription>
      <UnitQty>לא ידוע</UnitQty>
      <Quantity>330.00</Quantity>
      <UnitOfMeasure>100 מ"ל</UnitOfMeasure>
      <bIsWeighted>0</bIsWeighted>
      <QtyInPackage>לא ידוע</QtyInPackage>
      <ItemPrice>13.90</ItemPrice>
      <UnitOfMeasurePrice>0.04</UnitOfMeasurePrice>
      <AllowDiscount>1</AllowDiscount>
      <ItemStatus>2</ItemStatus>
    </Item>
    <Item>
      <PriceUpdateTime>2025-04-11T08:23:51.000</PriceUpdateTime>
      <ItemCode>7290017812830</ItemCode>
      <LastSaleDateTime>2026-01-16T11:02:30.000</LastSaleDateTime>
      <ItemType>1</ItemType>
      <ItemName>יין רוזה פרייבט קולק</ItemName>
      <ManufactureName>לא ידוע</ManufactureName>
      <ManufactureCountry>לא ידוע</ManufactureCountry>
      <ManufactureItemDescription>יין רוזה פרייבט קולק</ManufactureItemDescription>
      <UnitQty>לא ידוע</UnitQty>
      <Quantity>750.00</Quantity>
      <UnitOfMeasure>100 מ"ל</UnitOfMeasure>
      <bIsWeighted>0</bIsWeighted>
      <QtyInPackage>לא ידוע</QtyInPackage>
      <ItemPrice>43.80</ItemPrice>
      <UnitOfMeasurePrice>0.06</UnitOfMeasurePrice>
      <AllowDiscount>1</AllowDiscount>
      <ItemStatus/>
    </Item>
    <Item>
      <PriceUpdateTime>2025-04-11T08:23:51.000</PriceUpdateTime>
      <ItemCode>7290017812885</ItemCode>
      <LastSaleDateTime>2015-01-01T00:00:00.000</LastSaleDateTime>
      <ItemType>1</ItemType>
      <ItemName>P.C סוביניון גוורצטר</ItemName>
      <ManufactureName>לא ידוע</ManufactureName>
      <ManufactureCountry>לא ידוע</ManufactureCountry>
      <ManufactureItemDescription>P.C סוביניון גוורצטר</ManufactureItemDescription>
      <UnitQty>לא ידוע</UnitQty>
      <Quantity>750.00</Quantity>
      <UnitOfMeasure>100 מ"ל</UnitOfMeasure>
      <bIsWeighted>0</bIsWeighted>
      <QtyInPackage>לא ידוע</QtyInPackage>
      <ItemPrice>43.80</ItemPrice>
      <UnitOfMeasurePrice>0.06</UnitOfMeasurePrice>
      <AllowDiscount>1</AllowDiscount>
      <ItemStatus>2</ItemStatus>
    </Item>
    <Item>
      <PriceUpdateTime>2025-04-11T08:23:51.000</PriceUpdateTime>
      <ItemCode>7290017647425</ItemCode>
      <LastSaleDateTime>2025-09-21T00:00:00.000</LastSaleDateTime>
      <ItemType>1</ItemType>
      <ItemName>גמלא קברנה סובניון 7</ItemName>
      <ManufactureName>לא ידוע</ManufactureName>
      <ManufactureCountry>לא ידוע</ManufactureCountry>
      <ManufactureItemDescription>גמלא קברנה סובניון 7</ManufactureItemDescription>
      <UnitQty>לא ידוע</UnitQty>
      <Quantity>750.00</Quantity>
      <UnitOfMeasure>100 מ"ל</UnitOfMeasure>
      <bIsWeighted>0</bIsWeighted>
      <QtyInPackage>לא ידוע</QtyInPackage>
      <ItemPrice>66.90</ItemPrice>
      <UnitOfMeasurePrice>0.09</UnitOfMeasurePrice>
      <AllowDiscount>1</AllowDiscount>
      <ItemStatus>2</ItemStatus>
    </Item>
    <Item>
      <PriceUpdateTime>2025-04-11T08:23:51.000</PriceUpdateTime>
      <ItemCode>7290017647470</ItemCode>
      <LastSaleDateTime>2015-01-01T00:00:00.000</LastSaleDateTime>
      <ItemType>1</ItemType>
      <ItemName>הר חרמון מג'נטה 750</ItemName>
      <ManufactureName>לא ידוע</ManufactureName>
      <ManufactureCountry>לא ידוע</ManufactureCountry>
      <ManufactureItemDescription>הר חרמון מג'נטה 750</ManufactureItemDescription>
      <UnitQty>לא ידוע</UnitQty>
      <Quantity>750.00</Quantity>
      <UnitOfMeasure>100 מ"ל</UnitOfMeasure>
      <bIsWeighted>0</bIsWeighted>
      <QtyInPackage>לא ידוע</QtyInPackage>
      <ItemPrice>34.90</ItemPrice>
      <UnitOfMeasurePrice>0.05</UnitOfMeasurePrice>
      <AllowDiscount>1</AllowDiscount>
      <ItemStatus>2</ItemStatus>
    </Item>
    <Item>
      <PriceUpdateTime>2025-04-11T08:23:51.000</PriceUpdateTime>
      <ItemCode>7290017647708</ItemCode>
      <LastSaleDateTime>2015-01-01T00:00:00.000</LastSaleDateTime>
      <ItemType>1</ItemType>
      <ItemName>גמלא גוורצטרמינר 750</ItemName>
      <ManufactureName>לא ידוע</ManufactureName>
      <ManufactureCountry>לא ידוע</ManufactureCountry>
      <ManufactureItemDescription>גמלא גוורצטרמינר 750</ManufactureItemDescription>
      <UnitQty>לא ידוע</UnitQty>
      <Quantity>750.00</Quantity>
      <UnitOfMeasure>100 מ"ל</UnitOfMeasure>
      <bIsWeighted>0</bIsWeighted>
      <QtyInPackage>לא ידוע</QtyInPackage>
      <ItemPrice>64.90</ItemPrice>
      <UnitOfMeasurePrice>0.09</UnitOfMeasurePrice>
      <AllowDiscount>1</AllowDiscount>
      <ItemStatus>2</ItemStatus>
    </Item>
    <Item>
      <PriceUpdateTime>2025-04-11T08:23:51.000</PriceUpdateTime>
      <ItemCode>7290017647722</ItemCode>
      <LastSaleDateTime>2026-01-27T14:59:09.000</LastSaleDateTime>
      <ItemType>1</ItemType>
      <ItemName>גמלא בלאנקו לבן יבש</ItemName>
      <ManufactureName>לא ידוע</ManufactureName>
      <ManufactureCountry>לא ידוע</ManufactureCountry>
      <ManufactureItemDescription>גמלא בלאנקו לבן יבש</ManufactureItemDescription>
      <UnitQty>לא ידוע</UnitQty>
      <Quantity>750.00</Quantity>
      <UnitOfMeasure>100 מ"ל</UnitOfMeasure>
      <bIsWeighted>0</bIsWeighted>
      <QtyInPackage>לא ידוע</QtyInPackage>
      <ItemPrice>64.90</ItemPrice>
      <UnitOfMeasurePrice>0.09</UnitOfMeasurePrice>
      <AllowDiscount>1</AllowDiscount>
      <ItemStatus/>
    </Item>
    <Item>
      <PriceUpdateTime>2025-04-11T08:23:52.000</PriceUpdateTime>
      <ItemCode>7290018294192</ItemCode>
      <LastSaleDateTime>2026-01-22T18:59:20.000</LastSaleDateTime>
      <ItemType>1</ItemType>
      <ItemName>פרייבט קולקשין בלנד</ItemName>
      <ManufactureName>לא ידוע</ManufactureName>
      <ManufactureCountry>לא ידוע</ManufactureCountry>
      <ManufactureItemDescription>פרייבט קולקשין בלנד</ManufactureItemDescription>
      <UnitQty>לא ידוע</UnitQty>
      <Quantity>700.00</Quantity>
      <UnitOfMeasure>100 מ"ל</UnitOfMeasure>
      <bIsWeighted>0</bIsWeighted>
      <QtyInPackage>לא ידוע</QtyInPackage>
      <ItemPrice>43.80</ItemPrice>
      <UnitOfMeasurePrice>0.06</UnitOfMeasurePrice>
      <AllowDiscount>1</AllowDiscount>
      <ItemStatus/>
    </Item>
    <Item>
      <PriceUpdateTime>2025-04-11T08:23:52.000</PriceUpdateTime>
      <ItemCode>7290018294208</ItemCode>
      <LastSaleDateTime>2026-01-29T19:14:58.000</LastSaleDateTime>
      <ItemType>1</ItemType>
      <ItemName>יין סלקטד קברנה סובנ</ItemName>
      <ManufactureName>לא ידוע</ManufactureName>
      <ManufactureCountry>לא ידוע</ManufactureCountry>
      <ManufactureItemDescription>יין סלקטד קברנה סובנ</ManufactureItemDescription>
      <UnitQty>לא ידוע</UnitQty>
      <Quantity>750.00</Quantity>
      <UnitOfMeasure>100 מ"ל</UnitOfMeasure>
      <bIsWeighted>0</bIsWeighted>
      <QtyInPackage>לא ידוע</QtyInPackage>
      <ItemPrice>31.70</ItemPrice>
      <UnitOfMeasurePrice>0.04</UnitOfMeasurePrice>
      <AllowDiscount>1</AllowDiscount>
      <ItemStatus/>
    </Item>
    <Item>
      <PriceUpdateTime>2025-04-11T08:23:52.000</PriceUpdateTime>
      <ItemCode>7290018940235</ItemCode>
      <LastSaleDateTime>2015-01-01T00:00:00.000</LastSaleDateTime>
      <ItemType>1</ItemType>
      <ItemName>אמירים רזרב קברנה 75</ItemName>
      <ManufactureName>לא ידוע</ManufactureName>
      <ManufactureCountry>לא ידוע</ManufactureCountry>
      <ManufactureItemDescription>אמירים רזרב קברנה 75</ManufactureItemDescription>
      <UnitQty>לא ידוע</UnitQty>
      <Quantity>750.00</Quantity>
      <UnitOfMeasure>100 מ"ל</UnitOfMeasure>
      <bIsWeighted>0</bIsWeighted>
      <QtyInPackage>לא ידוע</QtyInPackage>
      <ItemPrice>19.90</ItemPrice>
      <UnitOfMeasurePrice>0.03</UnitOfMeasurePrice>
      <AllowDiscount>1</AllowDiscount>
      <ItemStatus>2</ItemStatus>
    </Item>
    <Item>
      <PriceUpdateTime>2025-04-11T08:23:52.000</PriceUpdateTime>
      <ItemCode>7290018940242</ItemCode>
      <LastSaleDateTime>2015-01-01T00:00:00.000</LastSaleDateTime>
      <ItemType>1</ItemType>
      <ItemName>אמירים רזרב מרלו 750</ItemName>
      <ManufactureName>לא ידוע</ManufactureName>
      <ManufactureCountry>לא ידוע</ManufactureCountry>
      <ManufactureItemDescription>אמירים רזרב מרלו 750</ManufactureItemDescription>
      <UnitQty>לא ידוע</UnitQty>
      <Quantity>750.00</Quantity>
      <UnitOfMeasure>100 מ"ל</UnitOfMeasure>
      <bIsWeighted>0</bIsWeighted>
      <QtyInPackage>לא ידוע</QtyInPackage>
      <ItemPrice>19.90</ItemPrice>
      <UnitOfMeasurePrice>0.03</UnitOfMeasurePrice>
      <AllowDiscount>1</AllowDiscount>
      <ItemStatus>2</ItemStatus>
    </Item>
    <Item>
      <PriceUpdateTime>2025-04-11T08:23:52.000</PriceUpdateTime>
      <ItemCode>7290018940433</ItemCode>
      <LastSaleDateTime>2015-01-01T00:00:00.000</LastSaleDateTime>
      <ItemType>1</ItemType>
      <ItemName>אמירים רזרב לבן 750</ItemName>
      <ManufactureName>לא ידוע</ManufactureName>
      <ManufactureCountry>לא ידוע</ManufactureCountry>
      <ManufactureItemDescription>אמירים רזרב לבן 750</ManufactureItemDescription>
      <UnitQty>לא ידוע</UnitQty>
      <Quantity>750.00</Quantity>
      <UnitOfMeasure>100 מ"ל</UnitOfMeasure>
      <bIsWeighted>0</bIsWeighted>
      <QtyInPackage>לא ידוע</QtyInPackage>
      <ItemPrice>19.90</ItemPrice>
      <UnitOfMeasurePrice>0.03</UnitOfMeasurePrice>
      <AllowDiscount>1</AllowDiscount>
      <ItemStatus>2</ItemStatus>
    </Item>
    <Item>
      <PriceUpdateTime>2025-04-11T08:23:55.000</PriceUpdateTime>
      <ItemCode>7290019302612</ItemCode>
      <LastSaleDateTime>2026-01-29T12:55:43.000</LastSaleDateTime>
      <ItemType>1</ItemType>
      <ItemName>קברנה סוביניון חצי י</ItemName>
      <ManufactureName>לא ידוע</ManufactureName>
      <ManufactureCountry>לא ידוע</ManufactureCountry>
      <ManufactureItemDescription>קברנה סוביניון חצי י</ManufactureItemDescription>
      <UnitQty>לא ידוע</UnitQty>
      <Quantity>750.00</Quantity>
      <UnitOfMeasure>100 מ"ל</UnitOfMeasure>
      <bIsWeighted>0</bIsWeighted>
      <QtyInPackage>לא ידוע</QtyInPackage>
      <ItemPrice>43.80</ItemPrice>
      <UnitOfMeasurePrice>0.06</UnitOfMeasurePrice>
      <AllowDiscount>1</AllowDiscount>
      <ItemStatus/>
    </Item>
    <Item>
      <PriceUpdateTime>2025-04-11T08:23:57.000</PriceUpdateTime>
      <ItemCode>7290108620023</ItemCode>
      <LastSaleDateTime>2015-01-01T00:00:00.000</LastSaleDateTime>
      <ItemType>1</ItemType>
      <ItemName>יין קפיטל קברנה סובנ</ItemName>
      <ManufactureName>לא ידוע</ManufactureName>
      <ManufactureCountry>לא ידוע</ManufactureCountry>
      <ManufactureItemDescription>יין קפיטל קברנה סובנ</ManufactureItemDescription>
      <UnitQty>לא ידוע</UnitQty>
      <Quantity>750.00</Quantity>
      <UnitOfMeasure>100 מ"ל</UnitOfMeasure>
      <bIsWeighted>0</bIsWeighted>
      <QtyInPackage>לא ידוע</QtyInPackage>
      <ItemPrice>54.90</ItemPrice>
      <UnitOfMeasurePrice>0.07</UnitOfMeasurePrice>
      <AllowDiscount>1</AllowDiscount>
      <ItemStatus>2</ItemStatus>
    </Item>
    <Item>
      <PriceUpdateTime>2025-04-11T08:23:57.000</PriceUpdateTime>
      <ItemCode>7290108620030</ItemCode>
      <LastSaleDateTime>2015-01-01T00:00:00.000</LastSaleDateTime>
      <ItemType>1</ItemType>
      <ItemName>יין קפיטל מרלו יבש א</ItemName>
      <ManufactureName>לא ידוע</ManufactureName>
      <ManufactureCountry>לא ידוע</ManufactureCountry>
      <ManufactureItemDescription>יין קפיטל מרלו יבש א</ManufactureItemDescription>
      <UnitQty>לא ידוע</UnitQty>
      <Quantity>750.00</Quantity>
      <UnitOfMeasure>100 מ"ל</UnitOfMeasure>
      <bIsWeighted>0</bIsWeighted>
      <QtyInPackage>לא ידוע</QtyInPackage>
      <ItemPrice>54.90</ItemPrice>
      <UnitOfMeasurePrice>0.07</UnitOfMeasurePrice>
      <AllowDiscount>1</AllowDiscount>
      <ItemStatus>2</ItemStatus>
    </Item>
    <Item>
      <PriceUpdateTime>2025-04-11T08:23:57.000</PriceUpdateTime>
      <ItemCode>7290108620054</ItemCode>
      <LastSaleDateTime>2015-01-01T00:00:00.000</LastSaleDateTime>
      <ItemType>1</ItemType>
      <ItemName>יין אסטייט קברנה סוב</ItemName>
      <ManufactureName>לא ידוע</ManufactureName>
      <ManufactureCountry>לא ידוע</ManufactureCountry>
      <ManufactureItemDescription>יין אסטייט קברנה סוב</ManufactureItemDescription>
      <UnitQty>לא ידוע</UnitQty>
      <Quantity>750.00</Quantity>
      <UnitOfMeasure>100 מ"ל</UnitOfMeasure>
      <bIsWeighted>0</bIsWeighted>
      <QtyInPackage>לא ידוע</QtyInPackage>
      <ItemPrice>34.90</ItemPrice>
      <UnitOfMeasurePrice>0.05</UnitOfMeasurePrice>
      <AllowDiscount>1</AllowDiscount>
      <ItemStatus>2</ItemStatus>
    </Item>
    <Item>
      <PriceUpdateTime>2025-04-11T08:23:57.000</PriceUpdateTime>
      <ItemCode>7290108620061</ItemCode>
      <LastSaleDateTime>2015-01-01T00:00:00.000</LastSaleDateTime>
      <ItemType>1</ItemType>
      <ItemName>יין אסטייט שיראז יבש</ItemName>
      <ManufactureName>לא ידוע</ManufactureName>
      <ManufactureCountry>לא ידוע</ManufactureCountry>
      <ManufactureItemDescription>יין אסטייט שיראז יבש</ManufactureItemDescription>
      <UnitQty>לא ידוע</UnitQty>
      <Quantity>750.00</Quantity>
      <UnitOfMeasure>100 מ"ל</UnitOfMeasure>
      <bIsWeighted>0</bIsWeighted>
      <QtyInPackage>לא ידוע</QtyInPackage>
      <ItemPrice>34.90</ItemPrice>
      <UnitOfMeasurePrice>0.05</UnitOfMeasurePrice>
      <AllowDiscount>1</AllowDiscount>
      <ItemStatus>2</ItemStatus>
    </Item>
    <Item>
      <PriceUpdateTime>2025-04-11T08:23:57.000</PriceUpdateTime>
      <ItemCode>7290108620078</ItemCode>
      <LastSaleDateTime>2015-01-01T00:00:00.000</LastSaleDateTime>
      <ItemType>1</ItemType>
      <ItemName>יין אסטייט מרלו יבש</ItemName>
      <ManufactureName>לא ידוע</ManufactureName>
      <ManufactureCountry>לא ידוע</ManufactureCountry>
      <ManufactureItemDescription>יין אסטייט מרלו יבש</ManufactureItemDescription>
      <UnitQty>לא ידוע</UnitQty>
      <Quantity>750.00</Quantity>
      <UnitOfMeasure>100 מ"ל</UnitOfMeasure>
      <bIsWeighted>0</bIsWeighted>
      <QtyInPackage>לא ידוע</QtyInPackage>
      <ItemPrice>34.90</ItemPrice>
      <UnitOfMeasurePrice>0.05</UnitOfMeasurePrice>
      <AllowDiscount>1</AllowDiscount>
      <ItemStatus>2</ItemStatus>
    </Item>
    <Item>
      <PriceUpdateTime>2025-04-11T08:23:57.000</PriceUpdateTime>
      <ItemCode>7290108620092</ItemCode>
      <LastSaleDateTime>2015-01-01T00:00:00.000</LastSaleDateTime>
      <ItemType>1</ItemType>
      <ItemName>אימפריאל יין רוזה חצ</ItemName>
      <ManufactureName>לא ידוע</ManufactureName>
      <ManufactureCountry>לא ידוע</ManufactureCountry>
      <ManufactureItemDescription>אימפריאל יין רוזה חצ</ManufactureItemDescription>
      <UnitQty>לא ידוע</UnitQty>
      <Quantity>750.00</Quantity>
      <UnitOfMeasure>100 מ"ל</UnitOfMeasure>
      <bIsWeighted>0</bIsWeighted>
      <QtyInPackage>לא ידוע</QtyInPackage>
      <ItemPrice>29.90</ItemPrice>
      <UnitOfMeasurePrice>0.04</UnitOfMeasurePrice>
      <AllowDiscount>1</AllowDiscount>
      <ItemStatus>2</ItemStatus>
    </Item>
    <Item>
      <PriceUpdateTime>2025-04-11T08:23:57.000</PriceUpdateTime>
      <ItemCode>7290108620108</ItemCode>
      <LastSaleDateTime>2015-01-01T00:00:00.000</LastSaleDateTime>
      <ItemType>1</ItemType>
      <ItemName>יין אימפריאל קברנה ס</ItemName>
      <ManufactureName>לא ידוע</ManufactureName>
      <ManufactureCountry>לא ידוע</ManufactureCountry>
      <ManufactureItemDescription>יין אימפריאל קברנה ס</ManufactureItemDescription>
      <UnitQty>לא ידוע</UnitQty>
      <Quantity>750.00</Quantity>
      <UnitOfMeasure>100 מ"ל</UnitOfMeasure>
      <bIsWeighted>0</bIsWeighted>
      <QtyInPackage>לא ידוע</QtyInPackage>
      <ItemPrice>29.90</ItemPrice>
      <UnitOfMeasurePrice>0.04</UnitOfMeasurePrice>
      <AllowDiscount>1</AllowDiscount>
      <ItemStatus>2</ItemStatus>
    </Item>
    <Item>
      <PriceUpdateTime>2025-04-11T08:23:57.000</PriceUpdateTime>
      <ItemCode>7290108620115</ItemCode>
      <LastSaleDateTime>2015-01-01T00:00:00.000</LastSaleDateTime>
      <ItemType>1</ItemType>
      <ItemName>יין אימפריאל מרלו אד</ItemName>
      <ManufactureName>לא ידוע</ManufactureName>
      <ManufactureCountry>לא ידוע</ManufactureCountry>
      <ManufactureItemDescription>יין אימפריאל מרלו אד</ManufactureItemDescription>
      <UnitQty>לא ידוע</UnitQty>
      <Quantity>750.00</Quantity>
      <UnitOfMeasure>100 מ"ל</UnitOfMeasure>
      <bIsWeighted>0</bIsWeighted>
      <QtyInPackage>לא ידוע</QtyInPackage>
      <ItemPrice>29.90</ItemPrice>
      <UnitOfMeasurePrice>0.04</UnitOfMeasurePrice>
      <AllowDiscount>1</AllowDiscount>
      <ItemStatus>2</ItemStatus>
    </Item>
    <Item>
      <PriceUpdateTime>2025-04-11T08:23:57.000</PriceUpdateTime>
      <ItemCode>7290108620122</ItemCode>
      <LastSaleDateTime>2015-01-01T00:00:00.000</LastSaleDateTime>
      <ItemType>1</ItemType>
      <ItemName>יין אימפריאל קברנה מ</ItemName>
      <ManufactureName>לא ידוע</ManufactureName>
      <ManufactureCountry>לא ידוע</ManufactureCountry>
      <ManufactureItemDescription>יין אימפריאל קברנה מ</ManufactureItemDescription>
      <UnitQty>לא ידוע</UnitQty>
      <Quantity>750.00</Quantity>
      <UnitOfMeasure>100 מ"ל</UnitOfMeasure>
      <bIsWeighted>0</bIsWeighted>
      <QtyInPackage>לא ידוע</QtyInPackage>
      <ItemPrice>29.90</ItemPrice>
      <UnitOfMeasurePrice>0.04</UnitOfMeasurePrice>
      <AllowDiscount>1</AllowDiscount>
      <ItemStatus>2</ItemStatus>
    </Item>
    <Item>
      <PriceUpdateTime>2025-04-11T08:23:57.000</PriceUpdateTime>
      <ItemCode>7290108620153</ItemCode>
      <LastSaleDateTime>2015-01-01T00:00:00.000</LastSaleDateTime>
      <ItemType>1</ItemType>
      <ItemName>יין אסטייט קברנה סמי</ItemName>
      <ManufactureName>לא ידוע</ManufactureName>
      <ManufactureCountry>לא ידוע</ManufactureCountry>
      <ManufactureItemDescription>יין אסטייט קברנה סמי</ManufactureItemDescription>
      <UnitQty>לא ידוע</UnitQty>
      <Quantity>750.00</Quantity>
      <UnitOfMeasure>100 מ"ל</UnitOfMeasure>
      <bIsWeighted>0</bIsWeighted>
      <QtyInPackage>לא ידוע</QtyInPackage>
      <ItemPrice>34.90</ItemPrice>
      <UnitOfMeasurePrice>0.05</UnitOfMeasurePrice>
      <AllowDiscount>1</AllowDiscount>
      <ItemStatus>2</ItemStatus>
    </Item>
    <Item>
      <PriceUpdateTime>2025-04-11T08:23:57.000</PriceUpdateTime>
      <ItemCode>7290108620160</ItemCode>
      <LastSaleDateTime>2015-01-01T00:00:00.000</LastSaleDateTime>
      <ItemType>1</ItemType>
      <ItemName>יין אימפריאל סובניון</ItemName>
      <ManufactureName>לא ידוע</ManufactureName>
      <ManufactureCountry>לא ידוע</ManufactureCountry>
      <ManufactureItemDescription>יין אימפריאל סובניון</ManufactureItemDescription>
      <UnitQty>לא ידוע</UnitQty>
      <Quantity>750.00</Quantity>
      <UnitOfMeasure>100 מ"ל</UnitOfMeasure>
      <bIsWeighted>0</bIsWeighted>
      <QtyInPackage>לא ידוע</QtyInPackage>
      <ItemPrice>29.90</ItemPrice>
      <UnitOfMeasurePrice>0.04</UnitOfMeasurePrice>
      <AllowDiscount>1</AllowDiscount>
      <ItemStatus>2</ItemStatus>
    </Item>
    <Item>
      <PriceUpdateTime>2025-04-11T08:23:57.000</PriceUpdateTime>
      <ItemCode>7290108620177</ItemCode>
      <LastSaleDateTime>2015-01-01T00:00:00.000</LastSaleDateTime>
      <ItemType>1</ItemType>
      <ItemName>יין פאלאס בלנד אדום</ItemName>
      <ManufactureName>לא ידוע</ManufactureName>
      <ManufactureCountry>לא ידוע</ManufactureCountry>
      <ManufactureItemDescription>יין פאלאס בלנד אדום</ManufactureItemDescription>
      <UnitQty>לא ידוע</UnitQty>
      <Quantity>750.00</Quantity>
      <UnitOfMeasure>100 מ"ל</UnitOfMeasure>
      <bIsWeighted>0</bIsWeighted>
      <QtyInPackage>לא ידוע</QtyInPackage>
      <ItemPrice>24.80</ItemPrice>
      <UnitOfMeasurePrice>0.03</UnitOfMeasurePrice>
      <AllowDiscount>1</AllowDiscount>
      <ItemStatus>2</ItemStatus>
    </Item>
    <Item>
      <PriceUpdateTime>2025-04-11T08:23:57.000</PriceUpdateTime>
      <ItemCode>7290108620207</ItemCode>
      <LastSaleDateTime>2015-01-01T00:00:00.000</LastSaleDateTime>
      <ItemType>1</ItemType>
      <ItemName>יין אימפריאל ריזלינג</ItemName>
      <ManufactureName>לא ידוע</ManufactureName>
      <ManufactureCountry>לא ידוע</ManufactureCountry>
      <ManufactureItemDescription>יין אימפריאל ריזלינג</ManufactureItemDescription>
      <UnitQty>לא ידוע</UnitQty>
      <Quantity>750.00</Quantity>
      <UnitOfMeasure>100 מ"ל</UnitOfMeasure>
      <bIsWeighted>0</bIsWeighted>
      <QtyInPackage>לא ידוע</QtyInPackage>
      <ItemPrice>29.90</ItemPrice>
      <UnitOfMeasurePrice>0.04</UnitOfMeasurePrice>
      <AllowDiscount>1</AllowDiscount>
      <ItemStatus>2</ItemStatus>
    </Item>
    <Item>
      <PriceUpdateTime>2025-04-11T08:23:57.000</PriceUpdateTime>
      <ItemCode>7290108620214</ItemCode>
      <LastSaleDateTime>2015-01-01T00:00:00.000</LastSaleDateTime>
      <ItemType>1</ItemType>
      <ItemName>יין פאלאס בלנד לבן 7</ItemName>
      <ManufactureName>לא ידוע</ManufactureName>
      <ManufactureCountry>לא ידוע</ManufactureCountry>
      <ManufactureItemDescription>יין פאלאס בלנד לבן 7</ManufactureItemDescription>
      <UnitQty>לא ידוע</UnitQty>
      <Quantity>750.00</Quantity>
      <UnitOfMeasure>100 מ"ל</UnitOfMeasure>
      <bIsWeighted>0</bIsWeighted>
      <QtyInPackage>לא ידוע</QtyInPackage>
      <ItemPrice>24.80</ItemPrice>
      <UnitOfMeasurePrice>0.03</UnitOfMeasurePrice>
      <AllowDiscount>1</AllowDiscount>
      <ItemStatus>2</ItemStatus>
    </Item>
    <Item>
      <PriceUpdateTime>2025-04-11T08:23:57.000</PriceUpdateTime>
      <ItemCode>7290108620351</ItemCode>
      <LastSaleDateTime>2015-01-01T00:00:00.000</LastSaleDateTime>
      <ItemType>1</ItemType>
      <ItemName>גן עדן יין מתוק רוזה</ItemName>
      <ManufactureName>לא ידוע</ManufactureName>
      <ManufactureCountry>לא ידוע</ManufactureCountry>
      <ManufactureItemDescription>גן עדן יין מתוק רוזה</ManufactureItemDescription>
      <UnitQty>לא ידוע</UnitQty>
      <Quantity>750.00</Quantity>
      <UnitOfMeasure>100 מ"ל</UnitOfMeasure>
      <bIsWeighted>0</bIsWeighted>
      <QtyInPackage>לא ידוע</QtyInPackage>
      <ItemPrice>19.80</ItemPrice>
      <UnitOfMeasurePrice>0.03</UnitOfMeasurePrice>
      <AllowDiscount>1</AllowDiscount>
      <ItemStatus>2</ItemStatus>
    </Item>
    <Item>
      <PriceUpdateTime>2025-04-11T08:23:57.000</PriceUpdateTime>
      <ItemCode>7290108620412</ItemCode>
      <LastSaleDateTime>2015-01-01T00:00:00.000</LastSaleDateTime>
      <ItemType>1</ItemType>
      <ItemName>יין שער האריותת קפיט</ItemName>
      <ManufactureName>לא ידוע</ManufactureName>
      <ManufactureCountry>לא ידוע</ManufactureCountry>
      <ManufactureItemDescription>יין שער האריותת קפיט</ManufactureItemDescription>
      <UnitQty>ליטר</UnitQty>
      <Quantity>1.00</Quantity>
      <UnitOfMeasure>ליטר    </UnitOfMeasure>
      <bIsWeighted>0</bIsWeighted>
      <QtyInPackage>לא ידוע</QtyInPackage>
      <ItemPrice>54.90</ItemPrice>
      <UnitOfMeasurePrice>54.90</UnitOfMeasurePrice>
      <AllowDiscount>1</AllowDiscount>
      <ItemStatus>2</ItemStatus>
    </Item>
    <Item>
      <PriceUpdateTime>2025-04-11T08:23:57.000</PriceUpdateTime>
      <ItemCode>7290108620498</ItemCode>
      <LastSaleDateTime>2015-01-01T00:00:00.000</LastSaleDateTime>
      <ItemType>1</ItemType>
      <ItemName>יין קפיטל רוזה 750 מ</ItemName>
      <ManufactureName>לא ידוע</ManufactureName>
      <ManufactureCountry>לא ידוע</ManufactureCountry>
      <ManufactureItemDescription>יין קפיטל רוזה 750 מ</ManufactureItemDescription>
      <UnitQty>לא ידוע</UnitQty>
      <Quantity>750.00</Quantity>
      <UnitOfMeasure>100 מ"ל</UnitOfMeasure>
      <bIsWeighted>0</bIsWeighted>
      <QtyInPackage>לא ידוע</QtyInPackage>
      <ItemPrice>54.90</ItemPrice>
      <UnitOfMeasurePrice>0.07</UnitOfMeasurePrice>
      <AllowDiscount>1</AllowDiscount>
      <ItemStatus>2</ItemStatus>
    </Item>
    <Item>
      <PriceUpdateTime>2025-04-11T08:23:57.000</PriceUpdateTime>
      <ItemCode>7290108620504</ItemCode>
      <LastSaleDateTime>2015-01-01T00:00:00.000</LastSaleDateTime>
      <ItemType>1</ItemType>
      <ItemName>יין שער האריות לבן 7</ItemName>
      <ManufactureName>לא ידוע</ManufactureName>
      <ManufactureCountry>לא ידוע</ManufactureCountry>
      <ManufactureItemDescription>יין שער האריות לבן 7</ManufactureItemDescription>
      <UnitQty>לא ידוע</UnitQty>
      <Quantity>750.00</Quantity>
      <UnitOfMeasure>100 מ"ל</UnitOfMeasure>
      <bIsWeighted>0</bIsWeighted>
      <QtyInPackage>לא ידוע</QtyInPackage>
      <ItemPrice>54.90</ItemPrice>
      <UnitOfMeasurePrice>0.07</UnitOfMeasurePrice>
      <AllowDiscount>1</AllowDiscount>
      <ItemStatus>2</ItemStatus>
    </Item>
    <Item>
      <PriceUpdateTime>2025-04-11T08:23:57.000</PriceUpdateTime>
      <ItemCode>7290108622072</ItemCode>
      <LastSaleDateTime>2015-01-01T00:00:00.000</LastSaleDateTime>
      <ItemType>1</ItemType>
      <ItemName>יין מוסקטו אדום 750</ItemName>
      <ManufactureName>לא ידוע</ManufactureName>
      <ManufactureCountry>לא ידוע</ManufactureCountry>
      <ManufactureItemDescription>יין מוסקטו אדום 750</ManufactureItemDescription>
      <UnitQty>לא ידוע</UnitQty>
      <Quantity>750.00</Quantity>
      <UnitOfMeasure>100 מ"ל</UnitOfMeasure>
      <bIsWeighted>0</bIsWeighted>
      <QtyInPackage>לא ידוע</QtyInPackage>
      <ItemPrice>39.90</ItemPrice>
      <UnitOfMeasurePrice>0.05</UnitOfMeasurePrice>
      <AllowDiscount>1</AllowDiscount>
      <ItemStatus>2</ItemStatus>
    </Item>
    <Item>
      <PriceUpdateTime>2025-04-11T08:23:57.000</PriceUpdateTime>
      <ItemCode>7290108622089</ItemCode>
      <LastSaleDateTime>2015-01-01T00:00:00.000</LastSaleDateTime>
      <ItemType>1</ItemType>
      <ItemName>יין מוסקטו לבן 750 מ</ItemName>
      <ManufactureName>לא ידוע</ManufactureName>
      <ManufactureCountry>לא ידוע</ManufactureCountry>
      <ManufactureItemDescription>יין מוסקטו לבן 750 מ</ManufactureItemDescription>
      <UnitQty>לא ידוע</UnitQty>
      <Quantity>750.00</Quantity>
      <UnitOfMeasure>100 מ"ל</UnitOfMeasure>
      <bIsWeighted>0</bIsWeighted>
      <QtyInPackage>לא ידוע</QtyInPackage>
      <ItemPrice>39.90</ItemPrice>
      <UnitOfMeasurePrice>0.05</UnitOfMeasurePrice>
      <AllowDiscount>1</AllowDiscount>
      <ItemStatus>2</ItemStatus>
    </Item>
    <Item>
      <PriceUpdateTime>2025-04-11T08:24:03.000</PriceUpdateTime>
      <ItemCode>7610113011652</ItemCode>
      <LastSaleDateTime>2015-01-01T00:00:00.000</LastSaleDateTime>
      <ItemType>1</ItemType>
      <ItemName>בקרדי בריזר תפוח 275</ItemName>
      <ManufactureName>לא ידוע</ManufactureName>
      <ManufactureCountry>לא ידוע</ManufactureCountry>
      <ManufactureItemDescription>בקרדי בריזר תפוח 275</ManufactureItemDescription>
      <UnitQty>לא ידוע</UnitQty>
      <Quantity>275.00</Quantity>
      <UnitOfMeasure>100 מ"ל</UnitOfMeasure>
      <bIsWeighted>0</bIsWeighted>
      <QtyInPackage>לא ידוע</QtyInPackage>
      <ItemPrice>13.90</ItemPrice>
      <UnitOfMeasurePrice>0.05</UnitOfMeasurePrice>
      <AllowDiscount>1</AllowDiscount>
      <ItemStatus>2</ItemStatus>
    </Item>
    <Item>
      <PriceUpdateTime>2025-04-11T08:24:03.000</PriceUpdateTime>
      <ItemCode>7610113023716</ItemCode>
      <LastSaleDateTime>2026-01-29T12:36:54.000</LastSaleDateTime>
      <ItemType>1</ItemType>
      <ItemName>בקרדי בריזר אפרסק 27</ItemName>
      <ManufactureName>לא ידוע</ManufactureName>
      <ManufactureCountry>לא ידוע</ManufactureCountry>
      <ManufactureItemDescription>בקרדי בריזר אפרסק 27</ManufactureItemDescription>
      <UnitQty>לא ידוע</UnitQty>
      <Quantity>275.00</Quantity>
      <UnitOfMeasure>100 מ"ל</UnitOfMeasure>
      <bIsWeighted>0</bIsWeighted>
      <QtyInPackage>לא ידוע</QtyInPackage>
      <ItemPrice>13.90</ItemPrice>
      <UnitOfMeasurePrice>0.05</UnitOfMeasurePrice>
      <AllowDiscount>1</AllowDiscount>
      <ItemStatus/>
    </Item>
    <Item>
      <PriceUpdateTime>2025-04-11T08:24:03.000</PriceUpdateTime>
      <ItemCode>7804414000877</ItemCode>
      <LastSaleDateTime>2025-10-12T00:00:00.000</LastSaleDateTime>
      <ItemType>1</ItemType>
      <ItemName>דון חוליו מרלו</ItemName>
      <ManufactureName>לואיס פליפה אדוארדס</ManufactureName>
      <ManufactureCountry>צילה</ManufactureCountry>
      <ManufactureItemDescription>דון חוליו מרלו כשר</ManufactureItemDescription>
      <UnitQty>לא ידוע</UnitQty>
      <Quantity>750.00</Quantity>
      <UnitOfMeasure>100 מ"ל</UnitOfMeasure>
      <bIsWeighted>0</bIsWeighted>
      <QtyInPackage>לא ידוע</QtyInPackage>
      <ItemPrice>29.90</ItemPrice>
      <UnitOfMeasurePrice>0.04</UnitOfMeasurePrice>
      <AllowDiscount>1</AllowDiscount>
      <ItemStatus>2</ItemStatus>
    </Item>
    <Item>
      <PriceUpdateTime>2025-04-11T08:24:03.000</PriceUpdateTime>
      <ItemCode>7804414000884</ItemCode>
      <LastSaleDateTime>2025-10-06T00:00:00.000</LastSaleDateTime>
      <ItemType>1</ItemType>
      <ItemName>דון חוליו שרדונה</ItemName>
      <ManufactureName>לואיס פליפה אדוארדס</ManufactureName>
      <ManufactureCountry>צילה</ManufactureCountry>
      <ManufactureItemDescription>דון חוליו שרדונה כשר</ManufactureItemDescription>
      <UnitQty>לא ידוע</UnitQty>
      <Quantity>750.00</Quantity>
      <UnitOfMeasure>100 מ"ל</UnitOfMeasure>
      <bIsWeighted>0</bIsWeighted>
      <QtyInPackage>לא ידוע</QtyInPackage>
      <ItemPrice>29.90</ItemPrice>
      <UnitOfMeasurePrice>0.04</UnitOfMeasurePrice>
      <AllowDiscount>1</AllowDiscount>
      <ItemStatus>2</ItemStatus>
    </Item>
    <Item>
      <PriceUpdateTime>2025-04-11T08:24:03.000</PriceUpdateTime>
      <ItemCode>7804414001614</ItemCode>
      <LastSaleDateTime>2015-01-01T00:00:00.000</LastSaleDateTime>
      <ItemType>1</ItemType>
      <ItemName>דון חוליו שירז</ItemName>
      <ManufactureName>לואיס פליפה אדוארדס</ManufactureName>
      <ManufactureCountry>צילה</ManufactureCountry>
      <ManufactureItemDescription>דון חוליו שירז כשר</ManufactureItemDescription>
      <UnitQty>לא ידוע</UnitQty>
      <Quantity>750.00</Quantity>
      <UnitOfMeasure>100 מ"ל</UnitOfMeasure>
      <bIsWeighted>0</bIsWeighted>
      <QtyInPackage>לא ידוע</QtyInPackage>
      <ItemPrice>29.90</ItemPrice>
      <UnitOfMeasurePrice>0.04</UnitOfMeasurePrice>
      <AllowDiscount>1</AllowDiscount>
      <ItemStatus>2</ItemStatus>
    </Item>
    <Item>
      <PriceUpdateTime>2025-04-11T08:24:03.000</PriceUpdateTime>
      <ItemCode>7804414002147</ItemCode>
      <LastSaleDateTime>2015-01-01T00:00:00.000</LastSaleDateTime>
      <ItemType>1</ItemType>
      <ItemName>דון חוליו רבע מרלו 1</ItemName>
      <ManufactureName>לא ידוע</ManufactureName>
      <ManufactureCountry>לא ידוע</ManufactureCountry>
      <ManufactureItemDescription>דון חוליו רבע מרלו 1</ManufactureItemDescription>
      <UnitQty>לא ידוע</UnitQty>
      <Quantity>187.00</Quantity>
      <UnitOfMeasure>100 מ"ל</UnitOfMeasure>
      <bIsWeighted>0</bIsWeighted>
      <QtyInPackage>לא ידוע</QtyInPackage>
      <ItemPrice>8.90</ItemPrice>
      <UnitOfMeasurePrice>0.05</UnitOfMeasurePrice>
      <AllowDiscount>1</AllowDiscount>
      <ItemStatus>2</ItemStatus>
    </Item>
    <Item>
      <PriceUpdateTime>2025-04-11T08:24:03.000</PriceUpdateTime>
      <ItemCode>7804414002161</ItemCode>
      <LastSaleDateTime>2015-01-01T00:00:00.000</LastSaleDateTime>
      <ItemType>1</ItemType>
      <ItemName>דון חוליו קברנה סובי</ItemName>
      <ManufactureName>לא ידוע</ManufactureName>
      <ManufactureCountry>לא ידוע</ManufactureCountry>
      <ManufactureItemDescription>דון חוליו קברנה סובי</ManufactureItemDescription>
      <UnitQty>לא ידוע</UnitQty>
      <Quantity>187.00</Quantity>
      <UnitOfMeasure>100 מ"ל</UnitOfMeasure>
      <bIsWeighted>0</bIsWeighted>
      <QtyInPackage>לא ידוע</QtyInPackage>
      <ItemPrice>8.90</ItemPrice>
      <UnitOfMeasurePrice>0.05</UnitOfMeasurePrice>
      <AllowDiscount>1</AllowDiscount>
      <ItemStatus>2</ItemStatus>
    </Item>
    <Item>
      <PriceUpdateTime>2025-04-11T08:24:03.000</PriceUpdateTime>
      <ItemCode>7804414012344</ItemCode>
      <LastSaleDateTime>2025-10-10T00:00:00.000</LastSaleDateTime>
      <ItemType>1</ItemType>
      <ItemName>דון חוליו סוביניון ב</ItemName>
      <ManufactureName>לא ידוע</ManufactureName>
      <ManufactureCountry>לא ידוע</ManufactureCountry>
      <ManufactureItemDescription>דון חוליו סוביניון ב</ManufactureItemDescription>
      <UnitQty>לא ידוע</UnitQty>
      <Quantity>750.00</Quantity>
      <UnitOfMeasure>100 מ"ל</UnitOfMeasure>
      <bIsWeighted>0</bIsWeighted>
      <QtyInPackage>לא ידוע</QtyInPackage>
      <ItemPrice>29.90</ItemPrice>
      <UnitOfMeasurePrice>0.04</UnitOfMeasurePrice>
      <AllowDiscount>1</AllowDiscount>
      <ItemStatus>2</ItemStatus>
    </Item>
    <Item>
      <PriceUpdateTime>2025-04-11T08:24:03.000</PriceUpdateTime>
      <ItemCode>7804414012351</ItemCode>
      <LastSaleDateTime>2015-01-01T00:00:00.000</LastSaleDateTime>
      <ItemType>1</ItemType>
      <ItemName>דון חוליו מלבק</ItemName>
      <ManufactureName>לא ידוע</ManufactureName>
      <ManufactureCountry>לא ידוע</ManufactureCountry>
      <ManufactureItemDescription>דון חוליו מלבק</ManufactureItemDescription>
      <UnitQty>לא ידוע</UnitQty>
      <Quantity>750.00</Quantity>
      <UnitOfMeasure>100 מ"ל</UnitOfMeasure>
      <bIsWeighted>0</bIsWeighted>
      <QtyInPackage>לא ידוע</QtyInPackage>
      <ItemPrice>29.90</ItemPrice>
      <UnitOfMeasurePrice>0.04</UnitOfMeasurePrice>
      <AllowDiscount>1</AllowDiscount>
      <ItemStatus>2</ItemStatus>
    </Item>
    <Item>
      <PriceUpdateTime>2025-04-11T08:24:03.000</PriceUpdateTime>
      <ItemCode>7804414012368</ItemCode>
      <LastSaleDateTime>2015-01-01T00:00:00.000</LastSaleDateTime>
      <ItemType>1</ItemType>
      <ItemName>דון חוליו רוזה</ItemName>
      <ManufactureName>לא ידוע</ManufactureName>
      <ManufactureCountry>לא ידוע</ManufactureCountry>
      <ManufactureItemDescription>דון חוליו רוזה</ManufactureItemDescription>
      <UnitQty>לא ידוע</UnitQty>
      <Quantity>750.00</Quantity>
      <UnitOfMeasure>100 מ"ל</UnitOfMeasure>
      <bIsWeighted>0</bIsWeighted>
      <QtyInPackage>לא ידוע</QtyInPackage>
      <ItemPrice>29.90</ItemPrice>
      <UnitOfMeasurePrice>0.04</UnitOfMeasurePrice>
      <AllowDiscount>1</AllowDiscount>
      <ItemStatus>2</ItemStatus>
    </Item>
    <Item>
      <PriceUpdateTime>2025-04-11T08:24:03.000</PriceUpdateTime>
      <ItemCode>7804414000860</ItemCode>
      <LastSaleDateTime>2015-01-01T00:00:00.000</LastSaleDateTime>
      <ItemType>1</ItemType>
      <ItemName>דון חוליו קברנה סובי</ItemName>
      <ManufactureName>לואיס פליפה אדוארדס</ManufactureName>
      <ManufactureCountry>צילה</ManufactureCountry>
      <ManufactureItemDescription>דון חוליו קברנה כשר</ManufactureItemDescription>
      <UnitQty>לא ידוע</UnitQty>
      <Quantity>750.00</Quantity>
      <UnitOfMeasure>100 מ"ל</UnitOfMeasure>
      <bIsWeighted>0</bIsWeighted>
      <QtyInPackage>לא ידוע</QtyInPackage>
      <ItemPrice>29.90</ItemPrice>
      <UnitOfMeasurePrice>0.04</UnitOfMeasurePrice>
      <AllowDiscount>1</AllowDiscount>
      <ItemStatus>2</ItemStatus>
    </Item>
    <Item>
      <PriceUpdateTime>2025-04-11T08:24:03.000</PriceUpdateTime>
      <ItemCode>7798141877829</ItemCode>
      <LastSaleDateTime>2026-01-12T21:30:24.000</LastSaleDateTime>
      <ItemType>1</ItemType>
      <ItemName>גאטו נגרו פינו גריג'</ItemName>
      <ManufactureName>לא ידוע</ManufactureName>
      <ManufactureCountry>לא ידוע</ManufactureCountry>
      <ManufactureItemDescription>גאטו נגרו פינו גריג'</ManufactureItemDescription>
      <UnitQty>לא ידוע</UnitQty>
      <Quantity>750.00</Quantity>
      <UnitOfMeasure>100 מ"ל</UnitOfMeasure>
      <bIsWeighted>0</bIsWeighted>
      <QtyInPackage>לא ידוע</QtyInPackage>
      <ItemPrice>35.90</ItemPrice>
      <UnitOfMeasurePrice>0.05</UnitOfMeasurePrice>
      <AllowDiscount>1</AllowDiscount>
      <ItemStatus/>
    </Item>
    <Item>
      <PriceUpdateTime>2025-04-11T08:24:03.000</PriceUpdateTime>
      <ItemCode>7798141877836</ItemCode>
      <LastSaleDateTime>2015-01-01T00:00:00.000</LastSaleDateTime>
      <ItemType>1</ItemType>
      <ItemName>גאטו נגרו סובניון בל</ItemName>
      <ManufactureName>לא ידוע</ManufactureName>
      <ManufactureCountry>לא ידוע</ManufactureCountry>
      <ManufactureItemDescription>גאטו נגרו סובניון בל</ManufactureItemDescription>
      <UnitQty>לא ידוע</UnitQty>
      <Quantity>750.00</Quantity>
      <UnitOfMeasure>100 מ"ל</UnitOfMeasure>
      <bIsWeighted>0</bIsWeighted>
      <QtyInPackage>לא ידוע</QtyInPackage>
      <ItemPrice>35.90</ItemPrice>
      <UnitOfMeasurePrice>0.05</UnitOfMeasurePrice>
      <AllowDiscount>1</AllowDiscount>
      <ItemStatus>2</ItemStatus>
    </Item>
    <Item>
      <PriceUpdateTime>2025-04-11T08:24:03.000</PriceUpdateTime>
      <ItemCode>7610113027684</ItemCode>
      <LastSaleDateTime>2026-01-20T17:29:05.000</LastSaleDateTime>
      <ItemType>1</ItemType>
      <ItemName>בקרדי בריזר מנגו פסי</ItemName>
      <ManufactureName>לא ידוע</ManufactureName>
      <ManufactureCountry>לא ידוע</ManufactureCountry>
      <ManufactureItemDescription>בקרדי בריזר מנגו פסי</ManufactureItemDescription>
      <UnitQty>לא ידוע</UnitQty>
      <Quantity>275.00</Quantity>
      <UnitOfMeasure>100 מ"ל</UnitOfMeasure>
      <bIsWeighted>0</bIsWeighted>
      <QtyInPackage>לא ידוע</QtyInPackage>
      <ItemPrice>13.90</ItemPrice>
      <UnitOfMeasurePrice>0.05</UnitOfMeasurePrice>
      <AllowDiscount>1</AllowDiscount>
      <ItemStatus/>
    </Item>
    <Item>
      <PriceUpdateTime>2025-04-11T08:24:04.000</PriceUpdateTime>
      <ItemCode>8002450409206</ItemCode>
      <LastSaleDateTime>2015-01-01T00:00:00.000</LastSaleDateTime>
      <ItemType>1</ItemType>
      <ItemName>ורדי אפרסק 750 מל</ItemName>
      <ManufactureName>לא ידוע</ManufactureName>
      <ManufactureCountry>לא ידוע</ManufactureCountry>
      <ManufactureItemDescription>ורדי אפרסק 750 מל</ManufactureItemDescription>
      <UnitQty>לא ידוע</UnitQty>
      <Quantity>1.00</Quantity>
      <UnitOfMeasure>יח'</UnitOfMeasure>
      <bIsWeighted>0</bIsWeighted>
      <QtyInPackage>לא ידוע</QtyInPackage>
      <ItemPrice>24.90</ItemPrice>
      <UnitOfMeasurePrice>24.90</UnitOfMeasurePrice>
      <AllowDiscount>1</AllowDiscount>
      <ItemStatus>2</ItemStatus>
    </Item>
    <Item>
      <PriceUpdateTime>2025-04-11T08:24:04.000</PriceUpdateTime>
      <ItemCode>8002450609200</ItemCode>
      <LastSaleDateTime>2015-01-01T00:00:00.000</LastSaleDateTime>
      <ItemType>1</ItemType>
      <ItemName>ורדי רימונים כשלפ 75</ItemName>
      <ManufactureName>לא ידוע</ManufactureName>
      <ManufactureCountry>לא ידוע</ManufactureCountry>
      <ManufactureItemDescription>ורדי רימונים כשלפ 75</ManufactureItemDescription>
      <UnitQty>לא ידוע</UnitQty>
      <Quantity>1.00</Quantity>
      <UnitOfMeasure>יח'</UnitOfMeasure>
      <bIsWeighted>0</bIsWeighted>
      <QtyInPackage>לא ידוע</QtyInPackage>
      <ItemPrice>24.90</ItemPrice>
      <UnitOfMeasurePrice>24.90</UnitOfMeasurePrice>
      <AllowDiscount>1</AllowDiscount>
      <ItemStatus>2</ItemStatus>
    </Item>
    <Item>
      <PriceUpdateTime>2025-04-11T08:27:17.000</PriceUpdateTime>
      <ItemCode>4013227013391</ItemCode>
      <LastSaleDateTime>2015-01-01T00:00:00.000</LastSaleDateTime>
      <ItemType>1</ItemType>
      <ItemName>אוטום קרים כשר</ItemName>
      <ManufactureName>קוימנס</ManufactureName>
      <ManufactureCountry>הולנד</ManufactureCountry>
      <ManufactureItemDescription>אוטום קרים</ManufactureItemDescription>
      <UnitQty>לא ידוע</UnitQty>
      <Quantity>700.00</Quantity>
      <UnitOfMeasure>100 מ"ל</UnitOfMeasure>
      <bIsWeighted>0</bIsWeighted>
      <QtyInPackage>לא ידוע</QtyInPackage>
      <ItemPrice>44.90</ItemPrice>
      <UnitOfMeasurePrice>0.06</UnitOfMeasurePrice>
      <AllowDiscount>1</AllowDiscount>
      <ItemStatus>2</ItemStatus>
    </Item>
    <Item>
      <PriceUpdateTime>2025-04-11T08:28:04.000</PriceUpdateTime>
      <ItemCode>9421018071508</ItemCode>
      <LastSaleDateTime>2026-01-09T12:13:49.000</LastSaleDateTime>
      <ItemType>1</ItemType>
      <ItemName>יין מד האוס 750 מ"ל</ItemName>
      <ManufactureName>לא ידוע</ManufactureName>
      <ManufactureCountry>לא ידוע</ManufactureCountry>
      <ManufactureItemDescription>יין מד האוס 750 מ"ל</ManufactureItemDescription>
      <UnitQty>לא ידוע</UnitQty>
      <Quantity>1.00</Quantity>
      <UnitOfMeasure>יח'</UnitOfMeasure>
      <bIsWeighted>0</bIsWeighted>
      <QtyInPackage>לא ידוע</QtyInPackage>
      <ItemPrice>55.30</ItemPrice>
      <UnitOfMeasurePrice>55.30</UnitOfMeasurePrice>
      <AllowDiscount>1</AllowDiscount>
      <ItemStatus/>
    </Item>
    <Item>
      <PriceUpdateTime>2025-04-11T08:28:18.000</PriceUpdateTime>
      <ItemCode>3525490011109</ItemCode>
      <LastSaleDateTime>2026-01-26T20:19:51.000</LastSaleDateTime>
      <ItemType>1</ItemType>
      <ItemName>יין לה ז'אמל רוזה 75</ItemName>
      <ManufactureName>לא ידוע</ManufactureName>
      <ManufactureCountry>לא ידוע</ManufactureCountry>
      <ManufactureItemDescription>יין לה ז'אמל רוזה 75</ManufactureItemDescription>
      <UnitQty>לא ידוע</UnitQty>
      <Quantity>1.00</Quantity>
      <UnitOfMeasure>יח'</UnitOfMeasure>
      <bIsWeighted>0</bIsWeighted>
      <QtyInPackage>לא ידוע</QtyInPackage>
      <ItemPrice>55.30</ItemPrice>
      <UnitOfMeasurePrice>55.30</UnitOfMeasurePrice>
      <AllowDiscount>1</AllowDiscount>
      <ItemStatus/>
    </Item>
    <Item>
      <PriceUpdateTime>2025-04-20T08:54:06.000</PriceUpdateTime>
      <ItemCode>7290008464109</ItemCode>
      <LastSaleDateTime>2025-12-04T00:00:00.000</LastSaleDateTime>
      <ItemType>1</ItemType>
      <ItemName>בירה גולדסטאר 330 מ"</ItemName>
      <ManufactureName>טמפו</ManufactureName>
      <ManufactureCountry>לא ידוע</ManufactureCountry>
      <ManufactureItemDescription>בירה גולדסטאר 330 מ"</ManufactureItemDescription>
      <UnitQty>לא ידוע</UnitQty>
      <Quantity>330.00</Quantity>
      <UnitOfMeasure>100 מ"ל</UnitOfMeasure>
      <bIsWeighted>0</bIsWeighted>
      <QtyInPackage>לא ידוע</QtyInPackage>
      <ItemPrice>8.00</ItemPrice>
      <UnitOfMeasurePrice>0.02</UnitOfMeasurePrice>
      <AllowDiscount>1</AllowDiscount>
      <ItemStatus/>
    </Item>
    <Item>
      <PriceUpdateTime>2025-04-20T08:54:06.000</PriceUpdateTime>
      <ItemCode>7290008464208</ItemCode>
      <LastSaleDateTime>2026-01-25T09:08:47.000</LastSaleDateTime>
      <ItemType>1</ItemType>
      <ItemName>בירה מכבי 7.9 330 מל</ItemName>
      <ManufactureName>לא ידוע</ManufactureName>
      <ManufactureCountry>לא ידוע</ManufactureCountry>
      <ManufactureItemDescription>בירה מכבי 7.9 330 מל</ManufactureItemDescription>
      <UnitQty>לא ידוע</UnitQty>
      <Quantity>330.00</Quantity>
      <UnitOfMeasure>100 מ"ל</UnitOfMeasure>
      <bIsWeighted>0</bIsWeighted>
      <QtyInPackage>לא ידוע</QtyInPackage>
      <ItemPrice>7.10</ItemPrice>
      <UnitOfMeasurePrice>0.02</UnitOfMeasurePrice>
      <AllowDiscount>1</AllowDiscount>
      <ItemStatus/>
    </Item>
    <Item>
      <PriceUpdateTime>2025-04-20T08:54:06.000</PriceUpdateTime>
      <ItemCode>7290002542506</ItemCode>
      <LastSaleDateTime>2015-01-01T00:00:00.000</LastSaleDateTime>
      <ItemType>1</ItemType>
      <ItemName>בירה קורונה 355 מ"ל</ItemName>
      <ManufactureName>לא ידוע</ManufactureName>
      <ManufactureCountry>לא ידוע</ManufactureCountry>
      <ManufactureItemDescription>בירה קורונה 355 מ"ל</ManufactureItemDescription>
      <UnitQty>לא ידוע</UnitQty>
      <Quantity>355.00</Quantity>
      <UnitOfMeasure>100 מ"ל</UnitOfMeasure>
      <bIsWeighted>0</bIsWeighted>
      <QtyInPackage>לא ידוע</QtyInPackage>
      <ItemPrice>8.00</ItemPrice>
      <UnitOfMeasurePrice>0.02</UnitOfMeasurePrice>
      <AllowDiscount>1</AllowDiscount>
      <ItemStatus>2</ItemStatus>
    </Item>
    <Item>
      <PriceUpdateTime>2025-04-20T08:54:07.000</PriceUpdateTime>
      <ItemCode>851621000050</ItemCode>
      <LastSaleDateTime>2026-01-29T15:07:34.000</LastSaleDateTime>
      <ItemType>1</ItemType>
      <ItemName>שישיית 1664 בלאנק בק</ItemName>
      <ManufactureName>לא ידוע</ManufactureName>
      <ManufactureCountry>לא ידוע</ManufactureCountry>
      <ManufactureItemDescription>שישיית 1664 בלאנק בק</ManufactureItemDescription>
      <UnitQty>לא ידוע</UnitQty>
      <Quantity>1.00</Quantity>
      <UnitOfMeasure>יח'</UnitOfMeasure>
      <bIsWeighted>0</bIsWeighted>
      <QtyInPackage>לא ידוע</QtyInPackage>
      <ItemPrice>44.30</ItemPrice>
      <UnitOfMeasurePrice>44.30</UnitOfMeasurePrice>
      <AllowDiscount>1</AllowDiscount>
      <ItemStatus/>
    </Item>
    <Item>
      <PriceUpdateTime>2025-04-20T08:54:07.000</PriceUpdateTime>
      <ItemCode>4002103250487</ItemCode>
      <LastSaleDateTime>2015-01-01T00:00:00.000</LastSaleDateTime>
      <ItemType>1</ItemType>
      <ItemName>ארדינגר בהירה 500 מ"</ItemName>
      <ManufactureName>לא ידוע</ManufactureName>
      <ManufactureCountry>לא ידוע</ManufactureCountry>
      <ManufactureItemDescription>ארדינגר בהירה 500 מ"</ManufactureItemDescription>
      <UnitQty>לא ידוע</UnitQty>
      <Quantity>500.00</Quantity>
      <UnitOfMeasure>100 מ"ל</UnitOfMeasure>
      <bIsWeighted>0</bIsWeighted>
      <QtyInPackage>לא ידוע</QtyInPackage>
      <ItemPrice>11.10</ItemPrice>
      <UnitOfMeasurePrice>0.02</UnitOfMeasurePrice>
      <AllowDiscount>1</AllowDiscount>
      <ItemStatus>2</ItemStatus>
    </Item>
    <Item>
      <PriceUpdateTime>2025-04-20T08:54:07.000</PriceUpdateTime>
      <ItemCode>3014409005471</ItemCode>
      <LastSaleDateTime>2015-01-01T00:00:00.000</LastSaleDateTime>
      <ItemType>1</ItemType>
      <ItemName>פסטיס פרדו 1לי</ItemName>
      <ManufactureName>לא ידוע</ManufactureName>
      <ManufactureCountry>לא ידוע</ManufactureCountry>
      <ManufactureItemDescription>פסטיס פרדו 1לי</ManufactureItemDescription>
      <UnitQty>לא ידוע</UnitQty>
      <Quantity>1.00</Quantity>
      <UnitOfMeasure>יח'</UnitOfMeasure>
      <bIsWeighted>0</bIsWeighted>
      <QtyInPackage>לא ידוע</QtyInPackage>
      <ItemPrice>101.00</ItemPrice>
      <UnitOfMeasurePrice>101.00</UnitOfMeasurePrice>
      <AllowDiscount>1</AllowDiscount>
      <ItemStatus>2</ItemStatus>
    </Item>
    <Item>
      <PriceUpdateTime>2025-04-20T08:54:07.000</PriceUpdateTime>
      <ItemCode>633824111838</ItemCode>
      <LastSaleDateTime>2015-01-01T00:00:00.000</LastSaleDateTime>
      <ItemType>1</ItemType>
      <ItemName>ואן גוך אננס 750</ItemName>
      <ManufactureName>לא ידוע</ManufactureName>
      <ManufactureCountry>לא ידוע</ManufactureCountry>
      <ManufactureItemDescription>ואן גוך אננס 750</ManufactureItemDescription>
      <UnitQty>לא ידוע</UnitQty>
      <Quantity>750.00</Quantity>
      <UnitOfMeasure>100 מ"ל</UnitOfMeasure>
      <bIsWeighted>0</bIsWeighted>
      <QtyInPackage>לא ידוע</QtyInPackage>
      <ItemPrice>191.90</ItemPrice>
      <UnitOfMeasurePrice>0.26</UnitOfMeasurePrice>
      <AllowDiscount>1</AllowDiscount>
      <ItemStatus>2</ItemStatus>
    </Item>
    <Item>
      <PriceUpdateTime>2025-04-20T08:54:07.000</PriceUpdateTime>
      <ItemCode>633824913432</ItemCode>
      <LastSaleDateTime>2015-01-01T00:00:00.000</LastSaleDateTime>
      <ItemType>1</ItemType>
      <ItemName>ואן גוך אסאי 750</ItemName>
      <ManufactureName>לא ידוע</ManufactureName>
      <ManufactureCountry>לא ידוע</ManufactureCountry>
      <ManufactureItemDescription>ואן גוך אסאי 750</ManufactureItemDescription>
      <UnitQty>לא ידוע</UnitQty>
      <Quantity>750.00</Quantity>
      <UnitOfMeasure>100 מ"ל</UnitOfMeasure>
      <bIsWeighted>0</bIsWeighted>
      <QtyInPackage>לא ידוע</QtyInPackage>
      <ItemPrice>191.90</ItemPrice>
      <UnitOfMeasurePrice>0.26</UnitOfMeasurePrice>
      <AllowDiscount>1</AllowDiscount>
      <ItemStatus>2</ItemStatus>
    </Item>
    <Item>
      <PriceUpdateTime>2025-04-20T08:54:07.000</PriceUpdateTime>
      <ItemCode>786150000274</ItemCode>
      <LastSaleDateTime>2015-01-01T00:00:00.000</LastSaleDateTime>
      <ItemType>1</ItemType>
      <ItemName>לף בראון בקבוק 330 מ</ItemName>
      <ManufactureName>לא ידוע</ManufactureName>
      <ManufactureCountry>לא ידוע</ManufactureCountry>
      <ManufactureItemDescription>לף בראון בקבוק 330 מ</ManufactureItemDescription>
      <UnitQty>לא ידוע</UnitQty>
      <Quantity>330.00</Quantity>
      <UnitOfMeasure>100 מ"ל</UnitOfMeasure>
      <bIsWeighted>0</bIsWeighted>
      <QtyInPackage>לא ידוע</QtyInPackage>
      <ItemPrice>10.00</ItemPrice>
      <UnitOfMeasurePrice>0.03</UnitOfMeasurePrice>
      <AllowDiscount>1</AllowDiscount>
      <ItemStatus>2</ItemStatus>
    </Item>
    <Item>
      <PriceUpdateTime>2025-04-20T08:54:07.000</PriceUpdateTime>
      <ItemCode>786150000281</ItemCode>
      <LastSaleDateTime>2026-01-29T21:50:26.000</LastSaleDateTime>
      <ItemType>1</ItemType>
      <ItemName>בירה לף בראון בקבוק</ItemName>
      <ManufactureName>לא ידוע</ManufactureName>
      <ManufactureCountry>לא ידוע</ManufactureCountry>
      <ManufactureItemDescription>בירה לף בראון בקבוק</ManufactureItemDescription>
      <UnitQty>ליטר</UnitQty>
      <Quantity>1.98</Quantity>
      <UnitOfMeasure>ליטר    </UnitOfMeasure>
      <bIsWeighted>0</bIsWeighted>
      <QtyInPackage>לא ידוע</QtyInPackage>
      <ItemPrice>39.90</ItemPrice>
      <UnitOfMeasurePrice>20.15</UnitOfMeasurePrice>
      <AllowDiscount>1</AllowDiscount>
      <ItemStatus/>
    </Item>
    <Item>
      <PriceUpdateTime>2025-04-20T08:54:08.000</PriceUpdateTime>
      <ItemCode>4066600612049</ItemCode>
      <LastSaleDateTime>2015-01-01T00:00:00.000</LastSaleDateTime>
      <ItemType>1</ItemType>
      <ItemName>פאולנר אוקטוברפסט בק</ItemName>
      <ManufactureName>לא ידוע</ManufactureName>
      <ManufactureCountry>לא ידוע</ManufactureCountry>
      <ManufactureItemDescription>פאולנר אוקטוברפסט בק</ManufactureItemDescription>
      <UnitQty>לא ידוע</UnitQty>
      <Quantity>500.00</Quantity>
      <UnitOfMeasure>100 מ"ל</UnitOfMeasure>
      <bIsWeighted>0</bIsWeighted>
      <QtyInPackage>לא ידוע</QtyInPackage>
      <ItemPrice>11.90</ItemPrice>
      <UnitOfMeasurePrice>0.02</UnitOfMeasurePrice>
      <AllowDiscount>1</AllowDiscount>
      <ItemStatus>2</ItemStatus>
    </Item>
    <Item>
      <PriceUpdateTime>2025-04-20T08:54:08.000</PriceUpdateTime>
      <ItemCode>4013227013414</ItemCode>
      <LastSaleDateTime>2026-01-06T19:48:01.000</LastSaleDateTime>
      <ItemType>1</ItemType>
      <ItemName>פינה קולדה 70 כשר</ItemName>
      <ManufactureName>קוימנס</ManufactureName>
      <ManufactureCountry>הולנד</ManufactureCountry>
      <ManufactureItemDescription>פינה קולדה 70</ManufactureItemDescription>
      <UnitQty>לא ידוע</UnitQty>
      <Quantity>750.00</Quantity>
      <UnitOfMeasure>100 מ"ל</UnitOfMeasure>
      <bIsWeighted>0</bIsWeighted>
      <QtyInPackage>לא ידוע</QtyInPackage>
      <ItemPrice>44.90</ItemPrice>
      <UnitOfMeasurePrice>0.06</UnitOfMeasurePrice>
      <AllowDiscount>1</AllowDiscount>
      <ItemStatus/>
    </Item>
    <Item>
      <PriceUpdateTime>2025-04-20T08:54:08.000</PriceUpdateTime>
      <ItemCode>4014388000213</ItemCode>
      <LastSaleDateTime>2015-01-01T00:00:00.000</LastSaleDateTime>
      <ItemType>1</ItemType>
      <ItemName>פחית בירה רדברגר 500</ItemName>
      <ManufactureName>לא ידוע</ManufactureName>
      <ManufactureCountry>לא ידוע</ManufactureCountry>
      <ManufactureItemDescription>פחית בירה רדברגר 500</ManufactureItemDescription>
      <UnitQty>לא ידוע</UnitQty>
      <Quantity>500.00</Quantity>
      <UnitOfMeasure>100 מ"ל</UnitOfMeasure>
      <bIsWeighted>0</bIsWeighted>
      <QtyInPackage>לא ידוע</QtyInPackage>
      <ItemPrice>9.00</ItemPrice>
      <UnitOfMeasurePrice>0.02</UnitOfMeasurePrice>
      <AllowDiscount>1</AllowDiscount>
      <ItemStatus>2</ItemStatus>
    </Item>
    <Item>
      <PriceUpdateTime>2025-04-20T08:54:08.000</PriceUpdateTime>
      <ItemCode>4008287051032</ItemCode>
      <LastSaleDateTime>2026-01-29T18:05:22.000</LastSaleDateTime>
      <ItemType>1</ItemType>
      <ItemName>קרומבאכר פחית בקבוק</ItemName>
      <ManufactureName>לא ידוע</ManufactureName>
      <ManufactureCountry>לא ידוע</ManufactureCountry>
      <ManufactureItemDescription>קרומבאכר פחית בקבוק</ManufactureItemDescription>
      <UnitQty>לא ידוע</UnitQty>
      <Quantity>500.00</Quantity>
      <UnitOfMeasure>100 מ"ל</UnitOfMeasure>
      <bIsWeighted>0</bIsWeighted>
      <QtyInPackage>לא ידוע</QtyInPackage>
      <ItemPrice>9.90</ItemPrice>
      <UnitOfMeasurePrice>0.02</UnitOfMeasurePrice>
      <AllowDiscount>1</AllowDiscount>
      <ItemStatus/>
    </Item>
    <Item>
      <PriceUpdateTime>2025-04-20T08:54:08.000</PriceUpdateTime>
      <ItemCode>4008287058161</ItemCode>
      <LastSaleDateTime>2015-01-01T00:00:00.000</LastSaleDateTime>
      <ItemType>1</ItemType>
      <ItemName>קרומבכר בירה בהירה 6</ItemName>
      <ManufactureName>לא ידוע</ManufactureName>
      <ManufactureCountry>לא ידוע</ManufactureCountry>
      <ManufactureItemDescription>קרומבכר בירה בהירה 6</ManufactureItemDescription>
      <UnitQty>ליטר</UnitQty>
      <Quantity>1.80</Quantity>
      <UnitOfMeasure>ליטר    </UnitOfMeasure>
      <bIsWeighted>0</bIsWeighted>
      <QtyInPackage>לא ידוע</QtyInPackage>
      <ItemPrice>34.90</ItemPrice>
      <UnitOfMeasurePrice>19.39</UnitOfMeasurePrice>
      <AllowDiscount>1</AllowDiscount>
      <ItemStatus>2</ItemStatus>
    </Item>
    <Item>
      <PriceUpdateTime>2025-04-20T08:54:08.000</PriceUpdateTime>
      <ItemCode>4008287762020</ItemCode>
      <LastSaleDateTime>2025-09-11T00:00:00.000</LastSaleDateTime>
      <ItemType>1</ItemType>
      <ItemName>קרומבאכר וואיזן בקבו</ItemName>
      <ManufactureName>לא ידוע</ManufactureName>
      <ManufactureCountry>לא ידוע</ManufactureCountry>
      <ManufactureItemDescription>קרומבאכר וואיזן בקבו</ManufactureItemDescription>
      <UnitQty>לא ידוע</UnitQty>
      <Quantity>500.00</Quantity>
      <UnitOfMeasure>100 מ"ל</UnitOfMeasure>
      <bIsWeighted>0</bIsWeighted>
      <QtyInPackage>לא ידוע</QtyInPackage>
      <ItemPrice>9.90</ItemPrice>
      <UnitOfMeasurePrice>0.02</UnitOfMeasurePrice>
      <AllowDiscount>1</AllowDiscount>
      <ItemStatus>2</ItemStatus>
    </Item>
    <Item>
      <PriceUpdateTime>2025-04-20T08:54:08.000</PriceUpdateTime>
      <ItemCode>4008287905786</ItemCode>
      <LastSaleDateTime>2026-01-29T12:32:26.000</LastSaleDateTime>
      <ItemType>1</ItemType>
      <ItemName>קרומבאכר פחית בקבוק</ItemName>
      <ManufactureName>לא ידוע</ManufactureName>
      <ManufactureCountry>לא ידוע</ManufactureCountry>
      <ManufactureItemDescription>קרומבאכר פחית בקבוק</ManufactureItemDescription>
      <UnitQty>לא ידוע</UnitQty>
      <Quantity>500.00</Quantity>
      <UnitOfMeasure>100 מ"ל</UnitOfMeasure>
      <bIsWeighted>0</bIsWeighted>
      <QtyInPackage>לא ידוע</QtyInPackage>
      <ItemPrice>9.90</ItemPrice>
      <UnitOfMeasurePrice>0.02</UnitOfMeasurePrice>
      <AllowDiscount>1</AllowDiscount>
      <ItemStatus/>
    </Item>
    <Item>
      <PriceUpdateTime>2025-04-20T08:54:08.000</PriceUpdateTime>
      <ItemCode>4066600611028</ItemCode>
      <LastSaleDateTime>2015-01-01T00:00:00.000</LastSaleDateTime>
      <ItemType>1</ItemType>
      <ItemName>פאולנר מינכן הל 500</ItemName>
      <ManufactureName>לא ידוע</ManufactureName>
      <ManufactureCountry>לא ידוע</ManufactureCountry>
      <ManufactureItemDescription>פאולנר מינכן הל 500</ManufactureItemDescription>
      <UnitQty>לא ידוע</UnitQty>
      <Quantity>500.00</Quantity>
      <UnitOfMeasure>100 מ"ל</UnitOfMeasure>
      <bIsWeighted>0</bIsWeighted>
      <QtyInPackage>לא ידוע</QtyInPackage>
      <ItemPrice>11.90</ItemPrice>
      <UnitOfMeasurePrice>0.02</UnitOfMeasurePrice>
      <AllowDiscount>1</AllowDiscount>
      <ItemStatus>2</ItemStatus>
    </Item>
    <Item>
      <PriceUpdateTime>2025-04-20T08:54:08.000</PriceUpdateTime>
      <ItemCode>4005563194025</ItemCode>
      <LastSaleDateTime>2026-01-04T19:39:35.000</LastSaleDateTime>
      <ItemType>1</ItemType>
      <ItemName>ליקר פידג תאנים 700מ</ItemName>
      <ManufactureName>לא ידוע</ManufactureName>
      <ManufactureCountry>לא ידוע</ManufactureCountry>
      <ManufactureItemDescription>ליקר פידג תאנים 700מ</ManufactureItemDescription>
      <UnitQty>לא ידוע</UnitQty>
      <Quantity>700.00</Quantity>
      <UnitOfMeasure>100 מ"ל</UnitOfMeasure>
      <bIsWeighted>0</bIsWeighted>
      <QtyInPackage>לא ידוע</QtyInPackage>
      <ItemPrice>59.90</ItemPrice>
      <UnitOfMeasurePrice>0.09</UnitOfMeasurePrice>
      <AllowDiscount>1</AllowDiscount>
      <ItemStatus/>
    </Item>
    <Item>
      <PriceUpdateTime>2025-04-20T08:54:09.000</PriceUpdateTime>
      <ItemCode>4105120623941</ItemCode>
      <LastSaleDateTime>2025-12-26T00:00:00.000</LastSaleDateTime>
      <ItemType>1</ItemType>
      <ItemName>ויינשטפן 500 מל</ItemName>
      <ManufactureName>לא ידוע</ManufactureName>
      <ManufactureCountry>לא ידוע</ManufactureCountry>
      <ManufactureItemDescription>ויינשטפן 500 מל</ManufactureItemDescription>
      <UnitQty>לא ידוע</UnitQty>
      <Quantity>500.00</Quantity>
      <UnitOfMeasure>100 מ"ל</UnitOfMeasure>
      <bIsWeighted>0</bIsWeighted>
      <QtyInPackage>לא ידוע</QtyInPackage>
      <ItemPrice>12.00</ItemPrice>
      <UnitOfMeasurePrice>0.02</UnitOfMeasurePrice>
      <AllowDiscount>1</AllowDiscount>
      <ItemStatus/>
    </Item>
    <Item>
      <PriceUpdateTime>2025-04-20T08:54:09.000</PriceUpdateTime>
      <ItemCode>4072700001188</ItemCode>
      <LastSaleDateTime>2015-01-01T00:00:00.000</LastSaleDateTime>
      <ItemType>1</ItemType>
      <ItemName>פרנזיסקאנר בירה כהה</ItemName>
      <ManufactureName>לא ידוע</ManufactureName>
      <ManufactureCountry>לא ידוע</ManufactureCountry>
      <ManufactureItemDescription>פרנזיסקאנר בירה כהה</ManufactureItemDescription>
      <UnitQty>לא ידוע</UnitQty>
      <Quantity>500.00</Quantity>
      <UnitOfMeasure>100 מ"ל</UnitOfMeasure>
      <bIsWeighted>0</bIsWeighted>
      <QtyInPackage>לא ידוע</QtyInPackage>
      <ItemPrice>12.50</ItemPrice>
      <UnitOfMeasurePrice>0.03</UnitOfMeasurePrice>
      <AllowDiscount>1</AllowDiscount>
      <ItemStatus>2</ItemStatus>
    </Item>
    <Item>
      <PriceUpdateTime>2025-04-20T08:54:09.000</PriceUpdateTime>
      <ItemCode>4072700001775</ItemCode>
      <LastSaleDateTime>2015-01-01T00:00:00.000</LastSaleDateTime>
      <ItemType>1</ItemType>
      <ItemName>פרנזיסקאנר בירה פחית</ItemName>
      <ManufactureName>לא ידוע</ManufactureName>
      <ManufactureCountry>לא ידוע</ManufactureCountry>
      <ManufactureItemDescription>פרנזיסקאנר בירה פחית</ManufactureItemDescription>
      <UnitQty>לא ידוע</UnitQty>
      <Quantity>500.00</Quantity>
      <UnitOfMeasure>100 מ"ל</UnitOfMeasure>
      <bIsWeighted>0</bIsWeighted>
      <QtyInPackage>לא ידוע</QtyInPackage>
      <ItemPrice>12.50</ItemPrice>
      <UnitOfMeasurePrice>0.03</UnitOfMeasurePrice>
      <AllowDiscount>1</AllowDiscount>
      <ItemStatus>2</ItemStatus>
    </Item>
    <Item>
      <PriceUpdateTime>2025-04-20T08:54:09.000</PriceUpdateTime>
      <ItemCode>4072700003649</ItemCode>
      <LastSaleDateTime>2015-01-01T00:00:00.000</LastSaleDateTime>
      <ItemType>1</ItemType>
      <ItemName>פרנזיסקאנר בירה מעונ</ItemName>
      <ManufactureName>באקס</ManufactureName>
      <ManufactureCountry>לא ידוע</ManufactureCountry>
      <ManufactureItemDescription>פרנזיסקאנר בירה מעונ</ManufactureItemDescription>
      <UnitQty>לא ידוע</UnitQty>
      <Quantity>500.00</Quantity>
      <UnitOfMeasure>100 מ"ל</UnitOfMeasure>
      <bIsWeighted>0</bIsWeighted>
      <QtyInPackage>לא ידוע</QtyInPackage>
      <ItemPrice>12.50</ItemPrice>
      <UnitOfMeasurePrice>0.03</UnitOfMeasurePrice>
      <AllowDiscount>1</AllowDiscount>
      <ItemStatus>2</ItemStatus>
    </Item>
    <Item>
      <PriceUpdateTime>2025-04-20T08:54:09.000</PriceUpdateTime>
      <ItemCode>4100130937163</ItemCode>
      <LastSaleDateTime>2025-08-04T00:00:00.000</LastSaleDateTime>
      <ItemType>1</ItemType>
      <ItemName>בירה בקס 6* 275 מ"ל</ItemName>
      <ManufactureName>לא ידוע</ManufactureName>
      <ManufactureCountry>לא ידוע</ManufactureCountry>
      <ManufactureItemDescription>בירה בקס 6* 275 מ"ל</ManufactureItemDescription>
      <UnitQty>לא ידוע</UnitQty>
      <Quantity>275.00</Quantity>
      <UnitOfMeasure>100 מ"ל</UnitOfMeasure>
      <bIsWeighted>0</bIsWeighted>
      <QtyInPackage>לא ידוע</QtyInPackage>
      <ItemPrice>29.90</ItemPrice>
      <UnitOfMeasurePrice>0.11</UnitOfMeasurePrice>
      <AllowDiscount>1</AllowDiscount>
      <ItemStatus>2</ItemStatus>
    </Item>
    <Item>
      <PriceUpdateTime>2025-04-20T08:54:09.000</PriceUpdateTime>
      <ItemCode>4600659010854</ItemCode>
      <LastSaleDateTime>2026-01-29T19:05:43.000</LastSaleDateTime>
      <ItemType>1</ItemType>
      <ItemName>סטולי פרימיום 700 מל</ItemName>
      <ManufactureName>סטוליצ'ניה</ManufactureName>
      <ManufactureCountry>לטביה</ManufactureCountry>
      <ManufactureItemDescription>סטוליצ'ניה פרימיום 70 ס"ל</ManufactureItemDescription>
      <UnitQty>לא ידוע</UnitQty>
      <Quantity>700.00</Quantity>
      <UnitOfMeasure>100 מ"ל</UnitOfMeasure>
      <bIsWeighted>0</bIsWeighted>
      <QtyInPackage>לא ידוע</QtyInPackage>
      <ItemPrice>69.90</ItemPrice>
      <UnitOfMeasurePrice>0.10</UnitOfMeasurePrice>
      <AllowDiscount>1</AllowDiscount>
      <ItemStatus/>
    </Item>
    <Item>
      <PriceUpdateTime>2025-04-20T08:54:09.000</PriceUpdateTime>
      <ItemCode>4600659011059</ItemCode>
      <LastSaleDateTime>2015-01-01T00:00:00.000</LastSaleDateTime>
      <ItemType>1</ItemType>
      <ItemName>סטולי פרימיום ליטר</ItemName>
      <ManufactureName>סטוליצ'ניה</ManufactureName>
      <ManufactureCountry>לטביה</ManufactureCountry>
      <ManufactureItemDescription>סטוליצ'ניה פרימיום ליטר ל</ManufactureItemDescription>
      <UnitQty>ליטר</UnitQty>
      <Quantity>1.00</Quantity>
      <UnitOfMeasure>ליטר    </UnitOfMeasure>
      <bIsWeighted>0</bIsWeighted>
      <QtyInPackage>לא ידוע</QtyInPackage>
      <ItemPrice>89.80</ItemPrice>
      <UnitOfMeasurePrice>89.80</UnitOfMeasurePrice>
      <AllowDiscount>1</AllowDiscount>
      <ItemStatus>2</ItemStatus>
    </Item>
    <Item>
      <PriceUpdateTime>2025-04-20T08:54:09.000</PriceUpdateTime>
      <ItemCode>5010038454831</ItemCode>
      <LastSaleDateTime>2015-01-01T00:00:00.000</LastSaleDateTime>
      <ItemType>1</ItemType>
      <ItemName>בקבוק בירה בלומון 33</ItemName>
      <ManufactureName>לא ידוע</ManufactureName>
      <ManufactureCountry>לא ידוע</ManufactureCountry>
      <ManufactureItemDescription>בקבוק בירה בלומון 33</ManufactureItemDescription>
      <UnitQty>לא ידוע</UnitQty>
      <Quantity>355.00</Quantity>
      <UnitOfMeasure>100 מ"ל</UnitOfMeasure>
      <bIsWeighted>0</bIsWeighted>
      <QtyInPackage>לא ידוע</QtyInPackage>
      <ItemPrice>12.90</ItemPrice>
      <UnitOfMeasurePrice>0.04</UnitOfMeasurePrice>
      <AllowDiscount>1</AllowDiscount>
      <ItemStatus>2</ItemStatus>
    </Item>
    <Item>
      <PriceUpdateTime>2025-04-20T08:54:09.000</PriceUpdateTime>
      <ItemCode>4750142003426</ItemCode>
      <LastSaleDateTime>2015-01-01T00:00:00.000</LastSaleDateTime>
      <ItemType>1</ItemType>
      <ItemName>בירה פילסנר פחית 500</ItemName>
      <ManufactureName>לא ידוע</ManufactureName>
      <ManufactureCountry>לא ידוע</ManufactureCountry>
      <ManufactureItemDescription>בירה פילסנר פחית 500</ManufactureItemDescription>
      <UnitQty>לא ידוע</UnitQty>
      <Quantity>500.00</Quantity>
      <UnitOfMeasure>100 מ"ל</UnitOfMeasure>
      <bIsWeighted>0</bIsWeighted>
      <QtyInPackage>לא ידוע</QtyInPackage>
      <ItemPrice>7.60</ItemPrice>
      <UnitOfMeasurePrice>0.02</UnitOfMeasurePrice>
      <AllowDiscount>1</AllowDiscount>
      <ItemStatus>2</ItemStatus>
    </Item>
    <Item>
      <PriceUpdateTime>2025-04-20T08:54:09.000</PriceUpdateTime>
      <ItemCode>4750142021505</ItemCode>
      <LastSaleDateTime>2015-01-01T00:00:00.000</LastSaleDateTime>
      <ItemType>1</ItemType>
      <ItemName>בירה פילזנר צ'סו</ItemName>
      <ManufactureName>לא ידוע</ManufactureName>
      <ManufactureCountry>לא ידוע</ManufactureCountry>
      <ManufactureItemDescription>בירה פילזנר צ'סו</ManufactureItemDescription>
      <UnitQty>לא ידוע</UnitQty>
      <Quantity>500.00</Quantity>
      <UnitOfMeasure>100 מ"ל</UnitOfMeasure>
      <bIsWeighted>0</bIsWeighted>
      <QtyInPackage>לא ידוע</QtyInPackage>
      <ItemPrice>7.60</ItemPrice>
      <UnitOfMeasurePrice>0.02</UnitOfMeasurePrice>
      <AllowDiscount>1</AllowDiscount>
      <ItemStatus>2</ItemStatus>
    </Item>
    <Item>
      <PriceUpdateTime>2025-04-20T08:54:09.000</PriceUpdateTime>
      <ItemCode>4820229032219</ItemCode>
      <LastSaleDateTime>2015-01-01T00:00:00.000</LastSaleDateTime>
      <ItemType>1</ItemType>
      <ItemName>חורטיצה אייס 700 מל</ItemName>
      <ManufactureName>לא ידוע</ManufactureName>
      <ManufactureCountry>לא ידוע</ManufactureCountry>
      <ManufactureItemDescription>חורטיצה אייס 700 מל</ManufactureItemDescription>
      <UnitQty>לא ידוע</UnitQty>
      <Quantity>700.00</Quantity>
      <UnitOfMeasure>100 מ"ל</UnitOfMeasure>
      <bIsWeighted>0</bIsWeighted>
      <QtyInPackage>לא ידוע</QtyInPackage>
      <ItemPrice>70.70</ItemPrice>
      <UnitOfMeasurePrice>0.10</UnitOfMeasurePrice>
      <AllowDiscount>1</AllowDiscount>
      <ItemStatus>2</ItemStatus>
    </Item>
    <Item>
      <PriceUpdateTime>2025-04-20T08:54:09.000</PriceUpdateTime>
      <ItemCode>5011166055709</ItemCode>
      <LastSaleDateTime>2015-01-01T00:00:00.000</LastSaleDateTime>
      <ItemType>1</ItemType>
      <ItemName>וויסקי אירי פוגס 700</ItemName>
      <ManufactureName>לא ידוע</ManufactureName>
      <ManufactureCountry>לא ידוע</ManufactureCountry>
      <ManufactureItemDescription>וויסקי אירי פוגס 700</ManufactureItemDescription>
      <UnitQty>לא ידוע</UnitQty>
      <Quantity>700.00</Quantity>
      <UnitOfMeasure>100 מ"ל</UnitOfMeasure>
      <bIsWeighted>0</bIsWeighted>
      <QtyInPackage>לא ידוע</QtyInPackage>
      <ItemPrice>95.90</ItemPrice>
      <UnitOfMeasurePrice>0.14</UnitOfMeasurePrice>
      <AllowDiscount>1</AllowDiscount>
      <ItemStatus>2</ItemStatus>
    </Item>
    <Item>
      <PriceUpdateTime>2025-04-20T08:54:09.000</PriceUpdateTime>
      <ItemCode>5011166059745</ItemCode>
      <LastSaleDateTime>2015-01-01T00:00:00.000</LastSaleDateTime>
      <ItemType>1</ItemType>
      <ItemName>וויסקי אירי סינגל מא</ItemName>
      <ManufactureName>לא ידוע</ManufactureName>
      <ManufactureCountry>לא ידוע</ManufactureCountry>
      <ManufactureItemDescription>וויסקי אירי סינגל מא</ManufactureItemDescription>
      <UnitQty>לא ידוע</UnitQty>
      <Quantity>700.00</Quantity>
      <UnitOfMeasure>100 מ"ל</UnitOfMeasure>
      <bIsWeighted>0</bIsWeighted>
      <QtyInPackage>לא ידוע</QtyInPackage>
      <ItemPrice>111.10</ItemPrice>
      <UnitOfMeasurePrice>0.16</UnitOfMeasurePrice>
      <AllowDiscount>1</AllowDiscount>
      <ItemStatus>2</ItemStatus>
    </Item>
    <Item>
      <PriceUpdateTime>2025-04-20T08:54:10.000</PriceUpdateTime>
      <ItemCode>5035766044673</ItemCode>
      <LastSaleDateTime>2015-01-01T00:00:00.000</LastSaleDateTime>
      <ItemType>1</ItemType>
      <ItemName>משקה סיידר תפוחים אל</ItemName>
      <ManufactureName>טמפו</ManufactureName>
      <ManufactureCountry>בלגיה</ManufactureCountry>
      <ManufactureItemDescription>סיידר תפוחים סטרונגבאו 33</ManufactureItemDescription>
      <UnitQty>לא ידוע</UnitQty>
      <Quantity>330.00</Quantity>
      <UnitOfMeasure>100 מ"ל</UnitOfMeasure>
      <bIsWeighted>0</bIsWeighted>
      <QtyInPackage>לא ידוע</QtyInPackage>
      <ItemPrice>8.50</ItemPrice>
      <UnitOfMeasurePrice>0.03</UnitOfMeasurePrice>
      <AllowDiscount>1</AllowDiscount>
      <ItemStatus>2</ItemStatus>
    </Item>
    <Item>
      <PriceUpdateTime>2025-04-20T08:54:10.000</PriceUpdateTime>
      <ItemCode>5014379021417</ItemCode>
      <LastSaleDateTime>2015-01-01T00:00:00.000</LastSaleDateTime>
      <ItemType>1</ItemType>
      <ItemName>באדוויזר בירה פחית 5</ItemName>
      <ManufactureName>לא ידוע</ManufactureName>
      <ManufactureCountry>לא ידוע</ManufactureCountry>
      <ManufactureItemDescription>באדוויזר בירה פחית 5</ManufactureItemDescription>
      <UnitQty>לא ידוע</UnitQty>
      <Quantity>500.00</Quantity>
      <UnitOfMeasure>100 מ"ל</UnitOfMeasure>
      <bIsWeighted>0</bIsWeighted>
      <QtyInPackage>לא ידוע</QtyInPackage>
      <ItemPrice>9.50</ItemPrice>
      <UnitOfMeasurePrice>0.02</UnitOfMeasurePrice>
      <AllowDiscount>1</AllowDiscount>
      <ItemStatus>2</ItemStatus>
    </Item>
    <Item>
      <PriceUpdateTime>2025-04-20T08:54:10.000</PriceUpdateTime>
      <ItemCode>5060045588128</ItemCode>
      <LastSaleDateTime>2015-01-01T00:00:00.000</LastSaleDateTime>
      <ItemType>1</ItemType>
      <ItemName>ג'ים בים לבן כשר</ItemName>
      <ManufactureName>לא ידוע</ManufactureName>
      <ManufactureCountry>לא ידוע</ManufactureCountry>
      <ManufactureItemDescription>ג'ים בים לבן כשר</ManufactureItemDescription>
      <UnitQty>לא ידוע</UnitQty>
      <Quantity>700.00</Quantity>
      <UnitOfMeasure>100 מ"ל</UnitOfMeasure>
      <bIsWeighted>0</bIsWeighted>
      <QtyInPackage>לא ידוע</QtyInPackage>
      <ItemPrice>90.90</ItemPrice>
      <UnitOfMeasurePrice>0.13</UnitOfMeasurePrice>
      <AllowDiscount>1</AllowDiscount>
      <ItemStatus>2</ItemStatus>
    </Item>
    <Item>
      <PriceUpdateTime>2025-04-20T08:54:10.000</PriceUpdateTime>
      <ItemCode>5410228267515</ItemCode>
      <LastSaleDateTime>2015-01-01T00:00:00.000</LastSaleDateTime>
      <ItemType>1</ItemType>
      <ItemName>בירה בדוויזר שישייה</ItemName>
      <ManufactureName>לא ידוע</ManufactureName>
      <ManufactureCountry>לא ידוע</ManufactureCountry>
      <ManufactureItemDescription>בירה בדוויזר שישייה</ManufactureItemDescription>
      <UnitQty>לא ידוע</UnitQty>
      <Quantity>1.00</Quantity>
      <UnitOfMeasure>יח'</UnitOfMeasure>
      <bIsWeighted>0</bIsWeighted>
      <QtyInPackage>לא ידוע</QtyInPackage>
      <ItemPrice>34.90</ItemPrice>
      <UnitOfMeasurePrice>34.90</UnitOfMeasurePrice>
      <AllowDiscount>1</AllowDiscount>
      <ItemStatus>2</ItemStatus>
    </Item>
    <Item>
      <PriceUpdateTime>2025-04-20T08:54:10.000</PriceUpdateTime>
      <ItemCode>5410228217732</ItemCode>
      <LastSaleDateTime>2026-01-22T17:38:17.000</LastSaleDateTime>
      <ItemType>1</ItemType>
      <ItemName>סטלה ארטואה - פחית 4</ItemName>
      <ManufactureName>לא ידוע</ManufactureName>
      <ManufactureCountry>לא ידוע</ManufactureCountry>
      <ManufactureItemDescription>סטלה ארטואה - פחית 4</ManufactureItemDescription>
      <UnitQty>לא ידוע</UnitQty>
      <Quantity>440.00</Quantity>
      <UnitOfMeasure>100 מ"ל</UnitOfMeasure>
      <bIsWeighted>0</bIsWeighted>
      <QtyInPackage>לא ידוע</QtyInPackage>
      <ItemPrice>9.90</ItemPrice>
      <UnitOfMeasurePrice>0.02</UnitOfMeasurePrice>
      <AllowDiscount>1</AllowDiscount>
      <ItemStatus/>
    </Item>
    <Item>
      <PriceUpdateTime>2025-04-20T08:54:10.000</PriceUpdateTime>
      <ItemCode>5391524714357</ItemCode>
      <LastSaleDateTime>2015-01-01T00:00:00.000</LastSaleDateTime>
      <ItemType>1</ItemType>
      <ItemName>וויסקי ווסט קורק רום</ItemName>
      <ManufactureName>לא ידוע</ManufactureName>
      <ManufactureCountry>לא ידוע</ManufactureCountry>
      <ManufactureItemDescription>וויסקי ווסט קורק רום</ManufactureItemDescription>
      <UnitQty>לא ידוע</UnitQty>
      <Quantity>700.00</Quantity>
      <UnitOfMeasure>100 מ"ל</UnitOfMeasure>
      <bIsWeighted>0</bIsWeighted>
      <QtyInPackage>לא ידוע</QtyInPackage>
      <ItemPrice>141.40</ItemPrice>
      <UnitOfMeasurePrice>0.20</UnitOfMeasurePrice>
      <AllowDiscount>1</AllowDiscount>
      <ItemStatus>2</ItemStatus>
    </Item>
    <Item>
      <PriceUpdateTime>2025-04-20T08:54:10.000</PriceUpdateTime>
      <ItemCode>5410228169604</ItemCode>
      <LastSaleDateTime>2025-08-13T00:00:00.000</LastSaleDateTime>
      <ItemType>1</ItemType>
      <ItemName>בירה הוגארדן פחית 50</ItemName>
      <ManufactureName>לא ידוע</ManufactureName>
      <ManufactureCountry>לא ידוע</ManufactureCountry>
      <ManufactureItemDescription>בירה הוגארדן פחית 50</ManufactureItemDescription>
      <UnitQty>מטרים</UnitQty>
      <Quantity>500.00</Quantity>
      <UnitOfMeasure>100 מ'ל</UnitOfMeasure>
      <bIsWeighted>0</bIsWeighted>
      <QtyInPackage>לא ידוע</QtyInPackage>
      <ItemPrice>12.00</ItemPrice>
      <UnitOfMeasurePrice>0.02</UnitOfMeasurePrice>
      <AllowDiscount>1</AllowDiscount>
      <ItemStatus>2</ItemStatus>
    </Item>
    <Item>
      <PriceUpdateTime>2025-04-20T08:54:10.000</PriceUpdateTime>
      <ItemCode>5410228222941</ItemCode>
      <LastSaleDateTime>2015-01-01T00:00:00.000</LastSaleDateTime>
      <ItemType>1</ItemType>
      <ItemName>בירה לף בלונד פחית 5</ItemName>
      <ManufactureName>לא ידוע</ManufactureName>
      <ManufactureCountry>לא ידוע</ManufactureCountry>
      <ManufactureItemDescription>בירה לף בלונד פחית 5</ManufactureItemDescription>
      <UnitQty>מטרים</UnitQty>
      <Quantity>500.00</Quantity>
      <UnitOfMeasure>100 מ'ל</UnitOfMeasure>
      <bIsWeighted>0</bIsWeighted>
      <QtyInPackage>לא ידוע</QtyInPackage>
      <ItemPrice>12.00</ItemPrice>
      <UnitOfMeasurePrice>0.02</UnitOfMeasurePrice>
      <AllowDiscount>1</AllowDiscount>
      <ItemStatus>2</ItemStatus>
    </Item>
    <Item>
      <PriceUpdateTime>2025-04-20T08:54:10.000</PriceUpdateTime>
      <ItemCode>5035766044772</ItemCode>
      <LastSaleDateTime>2015-01-01T00:00:00.000</LastSaleDateTime>
      <ItemType>1</ItemType>
      <ItemName>סיידר תפוחים סטרונגב</ItemName>
      <ManufactureName>טמפו</ManufactureName>
      <ManufactureCountry>בלגיה</ManufactureCountry>
      <ManufactureItemDescription>סיידר תפוחים סטרונגבאו 33</ManufactureItemDescription>
      <UnitQty>לא ידוע</UnitQty>
      <Quantity>330.00</Quantity>
      <UnitOfMeasure>100 מ"ל</UnitOfMeasure>
      <bIsWeighted>0</bIsWeighted>
      <QtyInPackage>לא ידוע</QtyInPackage>
      <ItemPrice>33.20</ItemPrice>
      <UnitOfMeasurePrice>0.10</UnitOfMeasurePrice>
      <AllowDiscount>1</AllowDiscount>
      <ItemStatus>2</ItemStatus>
    </Item>
    <Item>
      <PriceUpdateTime>2025-04-20T08:54:10.000</PriceUpdateTime>
      <ItemCode>5055966801005</ItemCode>
      <LastSaleDateTime>2025-09-09T00:00:00.000</LastSaleDateTime>
      <ItemType>1</ItemType>
      <ItemName>בושמילס 70 ס"ל</ItemName>
      <ManufactureName>לא ידוע</ManufactureName>
      <ManufactureCountry>לא ידוע</ManufactureCountry>
      <ManufactureItemDescription>בושמילס 70 ס"ל</ManufactureItemDescription>
      <UnitQty>לא ידוע</UnitQty>
      <Quantity>700.00</Quantity>
      <UnitOfMeasure>100 מ"ל</UnitOfMeasure>
      <bIsWeighted>0</bIsWeighted>
      <QtyInPackage>לא ידוע</QtyInPackage>
      <ItemPrice>89.90</ItemPrice>
      <UnitOfMeasurePrice>0.13</UnitOfMeasurePrice>
      <AllowDiscount>1</AllowDiscount>
      <ItemStatus>2</ItemStatus>
    </Item>
    <Item>
      <PriceUpdateTime>2025-04-20T08:54:11.000</PriceUpdateTime>
      <ItemCode>5410769100081</ItemCode>
      <LastSaleDateTime>2015-01-01T00:00:00.000</LastSaleDateTime>
      <ItemType>1</ItemType>
      <ItemName>בירה לה שוף קטן 330</ItemName>
      <ManufactureName>לא ידוע</ManufactureName>
      <ManufactureCountry>לא ידוע</ManufactureCountry>
      <ManufactureItemDescription>בירה לה שוף קטן 330</ManufactureItemDescription>
      <UnitQty>לא ידוע</UnitQty>
      <Quantity>330.00</Quantity>
      <UnitOfMeasure>100 מ"ל</UnitOfMeasure>
      <bIsWeighted>0</bIsWeighted>
      <QtyInPackage>לא ידוע</QtyInPackage>
      <ItemPrice>13.90</ItemPrice>
      <UnitOfMeasurePrice>0.04</UnitOfMeasurePrice>
      <AllowDiscount>1</AllowDiscount>
      <ItemStatus>2</ItemStatus>
    </Item>
    <Item>
      <PriceUpdateTime>2025-04-20T08:54:11.000</PriceUpdateTime>
      <ItemCode>5410769200088</ItemCode>
      <LastSaleDateTime>2015-01-01T00:00:00.000</LastSaleDateTime>
      <ItemType>1</ItemType>
      <ItemName>בירה מק שוף קטן 330</ItemName>
      <ManufactureName>לא ידוע</ManufactureName>
      <ManufactureCountry>לא ידוע</ManufactureCountry>
      <ManufactureItemDescription>בירה מק שוף קטן 330</ManufactureItemDescription>
      <UnitQty>לא ידוע</UnitQty>
      <Quantity>330.00</Quantity>
      <UnitOfMeasure>100 מ"ל</UnitOfMeasure>
      <bIsWeighted>0</bIsWeighted>
      <QtyInPackage>לא ידוע</QtyInPackage>
      <ItemPrice>13.90</ItemPrice>
      <UnitOfMeasurePrice>0.04</UnitOfMeasurePrice>
      <AllowDiscount>1</AllowDiscount>
      <ItemStatus>2</ItemStatus>
    </Item>
    <Item>
      <PriceUpdateTime>2025-04-20T08:54:11.000</PriceUpdateTime>
      <ItemCode>5410769800097</ItemCode>
      <LastSaleDateTime>2015-01-01T00:00:00.000</LastSaleDateTime>
      <ItemType>1</ItemType>
      <ItemName>בירה צ'רי שוף 8% 330</ItemName>
      <ManufactureName>לא ידוע</ManufactureName>
      <ManufactureCountry>לא ידוע</ManufactureCountry>
      <ManufactureItemDescription>בירה צ'רי שוף 8% 330</ManufactureItemDescription>
      <UnitQty>לא ידוע</UnitQty>
      <Quantity>330.00</Quantity>
      <UnitOfMeasure>100 מ"ל</UnitOfMeasure>
      <bIsWeighted>0</bIsWeighted>
      <QtyInPackage>לא ידוע</QtyInPackage>
      <ItemPrice>13.90</ItemPrice>
      <UnitOfMeasurePrice>0.04</UnitOfMeasurePrice>
      <AllowDiscount>1</AllowDiscount>
      <ItemStatus>2</ItemStatus>
    </Item>
    <Item>
      <PriceUpdateTime>2025-04-20T08:54:11.000</PriceUpdateTime>
      <ItemCode>5411681014005</ItemCode>
      <LastSaleDateTime>2015-01-01T00:00:00.000</LastSaleDateTime>
      <ItemType>1</ItemType>
      <ItemName>דובל בירה 8.5% 330 מ</ItemName>
      <ManufactureName>מבשלת דובל</ManufactureName>
      <ManufactureCountry>בלגיה</ManufactureCountry>
      <ManufactureItemDescription>דובל בירה 8.5% 330 מ</ManufactureItemDescription>
      <UnitQty>לא ידוע</UnitQty>
      <Quantity>330.00</Quantity>
      <UnitOfMeasure>100 מ"ל</UnitOfMeasure>
      <bIsWeighted>0</bIsWeighted>
      <QtyInPackage>לא ידוע</QtyInPackage>
      <ItemPrice>13.90</ItemPrice>
      <UnitOfMeasurePrice>0.04</UnitOfMeasurePrice>
      <AllowDiscount>1</AllowDiscount>
      <ItemStatus>2</ItemStatus>
    </Item>
    <Item>
      <PriceUpdateTime>2025-04-20T08:54:11.000</PriceUpdateTime>
      <ItemCode>5411681038001</ItemCode>
      <LastSaleDateTime>2015-01-01T00:00:00.000</LastSaleDateTime>
      <ItemType>1</ItemType>
      <ItemName>מרדסו בירה חזקה 10%</ItemName>
      <ManufactureName>מבשלת דובל</ManufactureName>
      <ManufactureCountry>בלגיה</ManufactureCountry>
      <ManufactureItemDescription>מרדסו בירה חזקה 10%</ManufactureItemDescription>
      <UnitQty>לא ידוע</UnitQty>
      <Quantity>330.00</Quantity>
      <UnitOfMeasure>100 מ"ל</UnitOfMeasure>
      <bIsWeighted>0</bIsWeighted>
      <QtyInPackage>לא ידוע</QtyInPackage>
      <ItemPrice>13.90</ItemPrice>
      <UnitOfMeasurePrice>0.04</UnitOfMeasurePrice>
      <AllowDiscount>1</AllowDiscount>
      <ItemStatus>2</ItemStatus>
    </Item>
    <Item>
      <PriceUpdateTime>2025-04-20T08:54:11.000</PriceUpdateTime>
      <ItemCode>5900535009705</ItemCode>
      <LastSaleDateTime>2015-01-01T00:00:00.000</LastSaleDateTime>
      <ItemType>1</ItemType>
      <ItemName>בירה ואן פור פילזנר</ItemName>
      <ManufactureName>לא ידוע</ManufactureName>
      <ManufactureCountry>לא ידוע</ManufactureCountry>
      <ManufactureItemDescription>בירה ואן פור פילזנר</ManufactureItemDescription>
      <UnitQty>לא ידוע</UnitQty>
      <Quantity>500.00</Quantity>
      <UnitOfMeasure>100 מ"ל</UnitOfMeasure>
      <bIsWeighted>0</bIsWeighted>
      <QtyInPackage>לא ידוע</QtyInPackage>
      <ItemPrice>4.90</ItemPrice>
      <UnitOfMeasurePrice>0.01</UnitOfMeasurePrice>
      <AllowDiscount>1</AllowDiscount>
      <ItemStatus>2</ItemStatus>
    </Item>
    <Item>
      <PriceUpdateTime>2025-04-20T08:54:12.000</PriceUpdateTime>
      <ItemCode>7290005896439</ItemCode>
      <LastSaleDateTime>2025-08-26T00:00:00.000</LastSaleDateTime>
      <ItemType>1</ItemType>
      <ItemName>בירה מכבי 500 מ"ל בק</ItemName>
      <ManufactureName>טמפו</ManufactureName>
      <ManufactureCountry>ישראל</ManufactureCountry>
      <ManufactureItemDescription>מכבי חוזר 500 מ"ל בקבוק 2</ManufactureItemDescription>
      <UnitQty>לא ידוע</UnitQty>
      <Quantity>500.00</Quantity>
      <UnitOfMeasure>100 מ"ל</UnitOfMeasure>
      <bIsWeighted>0</bIsWeighted>
      <QtyInPackage>לא ידוע</QtyInPackage>
      <ItemPrice>6.90</ItemPrice>
      <UnitOfMeasurePrice>0.01</UnitOfMeasurePrice>
      <AllowDiscount>1</AllowDiscount>
      <ItemStatus>2</ItemStatus>
    </Item>
    <Item>
      <PriceUpdateTime>2025-04-20T08:54:12.000</PriceUpdateTime>
      <ItemCode>7290006764096</ItemCode>
      <LastSaleDateTime>2025-08-31T00:00:00.000</LastSaleDateTime>
      <ItemType>1</ItemType>
      <ItemName>בירה איגל חוזר 500 מ</ItemName>
      <ManufactureName>טמפו</ManufactureName>
      <ManufactureCountry>ישראל</ManufactureCountry>
      <ManufactureItemDescription>גולדסטאר חוזר 500 בקבוק 2</ManufactureItemDescription>
      <UnitQty>לא ידוע</UnitQty>
      <Quantity>500.00</Quantity>
      <UnitOfMeasure>100 מ"ל</UnitOfMeasure>
      <bIsWeighted>0</bIsWeighted>
      <QtyInPackage>לא ידוע</QtyInPackage>
      <ItemPrice>5.90</ItemPrice>
      <UnitOfMeasurePrice>0.01</UnitOfMeasurePrice>
      <AllowDiscount>1</AllowDiscount>
      <ItemStatus>2</ItemStatus>
    </Item>
    <Item>
      <PriceUpdateTime>2025-04-20T08:54:12.000</PriceUpdateTime>
      <ItemCode>7290005020346</ItemCode>
      <LastSaleDateTime>2026-01-09T12:53:54.000</LastSaleDateTime>
      <ItemType>1</ItemType>
      <ItemName>רום בקרדי לבן 750 מ"</ItemName>
      <ManufactureName>לא ידוע</ManufactureName>
      <ManufactureCountry>לא ידוע</ManufactureCountry>
      <ManufactureItemDescription>רום בקרדי לבן 750 מ"</ManufactureItemDescription>
      <UnitQty>לא ידוע</UnitQty>
      <Quantity>750.00</Quantity>
      <UnitOfMeasure>100 מ"ל</UnitOfMeasure>
      <bIsWeighted>0</bIsWeighted>
      <QtyInPackage>לא ידוע</QtyInPackage>
      <ItemPrice>111.10</ItemPrice>
      <UnitOfMeasurePrice>0.15</UnitOfMeasurePrice>
      <AllowDiscount>1</AllowDiscount>
      <ItemStatus/>
    </Item>
    <Item>
      <PriceUpdateTime>2025-04-20T08:54:13.000</PriceUpdateTime>
      <ItemCode>7290008464604</ItemCode>
      <LastSaleDateTime>2026-01-29T22:01:58.000</LastSaleDateTime>
      <ItemType>1</ItemType>
      <ItemName>בירה היינקן הולנד 50</ItemName>
      <ManufactureName>טמפו</ManufactureName>
      <ManufactureCountry>ישראל</ManufactureCountry>
      <ManufactureItemDescription>היינקן הולנד 500 פחית 24</ManufactureItemDescription>
      <UnitQty>לא ידוע</UnitQty>
      <Quantity>500.00</Quantity>
      <UnitOfMeasure>100 מ"ל</UnitOfMeasure>
      <bIsWeighted>0</bIsWeighted>
      <QtyInPackage>לא ידוע</QtyInPackage>
      <ItemPrice>11.90</ItemPrice>
      <UnitOfMeasurePrice>0.02</UnitOfMeasurePrice>
      <AllowDiscount>1</AllowDiscount>
      <ItemStatus/>
    </Item>
    <Item>
      <PriceUpdateTime>2025-04-20T08:54:13.000</PriceUpdateTime>
      <ItemCode>7290008464796</ItemCode>
      <LastSaleDateTime>2026-01-29T21:50:15.000</LastSaleDateTime>
      <ItemType>1</ItemType>
      <ItemName>בירה היינקן שישייה 3</ItemName>
      <ManufactureName>טמפו</ManufactureName>
      <ManufactureCountry>ישראל</ManufactureCountry>
      <ManufactureItemDescription>היינקן cities 330 בקבוק ח</ManufactureItemDescription>
      <UnitQty>ליטר</UnitQty>
      <Quantity>1.98</Quantity>
      <UnitOfMeasure>ליטר    </UnitOfMeasure>
      <bIsWeighted>0</bIsWeighted>
      <QtyInPackage>לא ידוע</QtyInPackage>
      <ItemPrice>34.90</ItemPrice>
      <UnitOfMeasurePrice>17.63</UnitOfMeasurePrice>
      <AllowDiscount>1</AllowDiscount>
      <ItemStatus/>
    </Item>
    <Item>
      <PriceUpdateTime>2025-04-20T08:54:13.000</PriceUpdateTime>
      <ItemCode>7290010237784</ItemCode>
      <LastSaleDateTime>2026-01-26T17:20:32.000</LastSaleDateTime>
      <ItemType>1</ItemType>
      <ItemName>שנדי לימון ליים 330</ItemName>
      <ManufactureName>טמפו</ManufactureName>
      <ManufactureCountry>ישראל</ManufactureCountry>
      <ManufactureItemDescription>שנדי לימון ליים 330 בקבוק</ManufactureItemDescription>
      <UnitQty>ליטר</UnitQty>
      <Quantity>1.98</Quantity>
      <UnitOfMeasure>ליטר    </UnitOfMeasure>
      <bIsWeighted>0</bIsWeighted>
      <QtyInPackage>לא ידוע</QtyInPackage>
      <ItemPrice>28.90</ItemPrice>
      <UnitOfMeasurePrice>14.60</UnitOfMeasurePrice>
      <AllowDiscount>1</AllowDiscount>
      <ItemStatus/>
    </Item>
    <Item>
      <PriceUpdateTime>2025-04-20T08:54:13.000</PriceUpdateTime>
      <ItemCode>7290011132514</ItemCode>
      <LastSaleDateTime>2015-01-01T00:00:00.000</LastSaleDateTime>
      <ItemType>1</ItemType>
      <ItemName>פאולנר 330 בקבוק</ItemName>
      <ManufactureName>טמפו</ManufactureName>
      <ManufactureCountry>גרמניה</ManufactureCountry>
      <ManufactureItemDescription>פאולנר 330 בקבוק 24 יח'</ManufactureItemDescription>
      <UnitQty>לא ידוע</UnitQty>
      <Quantity>330.00</Quantity>
      <UnitOfMeasure>100 מ"ל</UnitOfMeasure>
      <bIsWeighted>0</bIsWeighted>
      <QtyInPackage>לא ידוע</QtyInPackage>
      <ItemPrice>13.20</ItemPrice>
      <UnitOfMeasurePrice>0.04</UnitOfMeasurePrice>
      <AllowDiscount>1</AllowDiscount>
      <ItemStatus>2</ItemStatus>
    </Item>
    <Item>
      <PriceUpdateTime>2025-04-20T08:54:13.000</PriceUpdateTime>
      <ItemCode>7290011132552</ItemCode>
      <LastSaleDateTime>2015-01-01T00:00:00.000</LastSaleDateTime>
      <ItemType>1</ItemType>
      <ItemName>פאולנר 330 בקבוק רבי</ItemName>
      <ManufactureName>טמפו</ManufactureName>
      <ManufactureCountry>גרמניה</ManufactureCountry>
      <ManufactureItemDescription>פאולנר 330 בקבוק רביעייה</ManufactureItemDescription>
      <UnitQty>לא ידוע</UnitQty>
      <Quantity>330.00</Quantity>
      <UnitOfMeasure>100 מ"ל</UnitOfMeasure>
      <bIsWeighted>0</bIsWeighted>
      <QtyInPackage>לא ידוע</QtyInPackage>
      <ItemPrice>39.90</ItemPrice>
      <UnitOfMeasurePrice>0.12</UnitOfMeasurePrice>
      <AllowDiscount>1</AllowDiscount>
      <ItemStatus>2</ItemStatus>
    </Item>
    <Item>
      <PriceUpdateTime>2025-04-20T08:54:13.000</PriceUpdateTime>
      <ItemCode>7290011133368</ItemCode>
      <LastSaleDateTime>2026-01-08T19:00:17.000</LastSaleDateTime>
      <ItemType>1</ItemType>
      <ItemName>שנדי תפוח 330 בקבוק</ItemName>
      <ManufactureName>טמפו</ManufactureName>
      <ManufactureCountry>ישראל</ManufactureCountry>
      <ManufactureItemDescription>שנדי תפוח 330 בקבוק שישיי</ManufactureItemDescription>
      <UnitQty>ליטר</UnitQty>
      <Quantity>1.98</Quantity>
      <UnitOfMeasure>ליטר    </UnitOfMeasure>
      <bIsWeighted>0</bIsWeighted>
      <QtyInPackage>לא ידוע</QtyInPackage>
      <ItemPrice>28.90</ItemPrice>
      <UnitOfMeasurePrice>14.60</UnitOfMeasurePrice>
      <AllowDiscount>1</AllowDiscount>
      <ItemStatus/>
    </Item>
    <Item>
      <PriceUpdateTime>2025-04-20T08:54:13.000</PriceUpdateTime>
      <ItemCode>7290011133375</ItemCode>
      <LastSaleDateTime>2026-01-23T10:06:33.000</LastSaleDateTime>
      <ItemType>1</ItemType>
      <ItemName>שנדי אפרסק 330 בקבוק</ItemName>
      <ManufactureName>טמפו</ManufactureName>
      <ManufactureCountry>ישראל</ManufactureCountry>
      <ManufactureItemDescription>שנדי אפרסק 330 בקבוק שישי</ManufactureItemDescription>
      <UnitQty>ליטר</UnitQty>
      <Quantity>1.98</Quantity>
      <UnitOfMeasure>ליטר    </UnitOfMeasure>
      <bIsWeighted>0</bIsWeighted>
      <QtyInPackage>לא ידוע</QtyInPackage>
      <ItemPrice>28.90</ItemPrice>
      <UnitOfMeasurePrice>14.60</UnitOfMeasurePrice>
      <AllowDiscount>1</AllowDiscount>
      <ItemStatus/>
    </Item>
    <Item>
      <PriceUpdateTime>2025-04-20T08:54:14.000</PriceUpdateTime>
      <ItemCode>7290012921025</ItemCode>
      <LastSaleDateTime>2015-01-01T00:00:00.000</LastSaleDateTime>
      <ItemType>1</ItemType>
      <ItemName>בקבוק בירה מלכה בהיר</ItemName>
      <ManufactureName>בירה מלכה</ManufactureName>
      <ManufactureCountry>ישראל</ManufactureCountry>
      <ManufactureItemDescription>בירה מלכה בהירה</ManufactureItemDescription>
      <UnitQty>לא ידוע</UnitQty>
      <Quantity>330.00</Quantity>
      <UnitOfMeasure>100 מ"ל</UnitOfMeasure>
      <bIsWeighted>0</bIsWeighted>
      <QtyInPackage>לא ידוע</QtyInPackage>
      <ItemPrice>13.90</ItemPrice>
      <UnitOfMeasurePrice>0.04</UnitOfMeasurePrice>
      <AllowDiscount>1</AllowDiscount>
      <ItemStatus>2</ItemStatus>
    </Item>
    <Item>
      <PriceUpdateTime>2025-04-20T08:54:14.000</PriceUpdateTime>
      <ItemCode>7290012921032</ItemCode>
      <LastSaleDateTime>2015-01-01T00:00:00.000</LastSaleDateTime>
      <ItemType>1</ItemType>
      <ItemName>בקבוק בירה מלכה אדמו</ItemName>
      <ManufactureName>בירה מלכה</ManufactureName>
      <ManufactureCountry>ישראל</ManufactureCountry>
      <ManufactureItemDescription>בירה מלכה אדמונית</ManufactureItemDescription>
      <UnitQty>לא ידוע</UnitQty>
      <Quantity>330.00</Quantity>
      <UnitOfMeasure>100 מ"ל</UnitOfMeasure>
      <bIsWeighted>0</bIsWeighted>
      <QtyInPackage>לא ידוע</QtyInPackage>
      <ItemPrice>13.90</ItemPrice>
      <UnitOfMeasurePrice>0.04</UnitOfMeasurePrice>
      <AllowDiscount>1</AllowDiscount>
      <ItemStatus>2</ItemStatus>
    </Item>
    <Item>
      <PriceUpdateTime>2025-04-20T08:54:14.000</PriceUpdateTime>
      <ItemCode>7290012921056</ItemCode>
      <LastSaleDateTime>2015-01-01T00:00:00.000</LastSaleDateTime>
      <ItemType>1</ItemType>
      <ItemName>בקבוק בירה מלכה חיטה</ItemName>
      <ManufactureName>בירה מלכה</ManufactureName>
      <ManufactureCountry>ישראל</ManufactureCountry>
      <ManufactureItemDescription>בירה מלכה חיטה</ManufactureItemDescription>
      <UnitQty>לא ידוע</UnitQty>
      <Quantity>330.00</Quantity>
      <UnitOfMeasure>100 מ"ל</UnitOfMeasure>
      <bIsWeighted>0</bIsWeighted>
      <QtyInPackage>לא ידוע</QtyInPackage>
      <ItemPrice>13.90</ItemPrice>
      <UnitOfMeasurePrice>0.04</UnitOfMeasurePrice>
      <AllowDiscount>1</AllowDiscount>
      <ItemStatus>2</ItemStatus>
    </Item>
    <Item>
      <PriceUpdateTime>2025-04-20T08:54:14.000</PriceUpdateTime>
      <ItemCode>7290013276124</ItemCode>
      <LastSaleDateTime>2015-01-01T00:00:00.000</LastSaleDateTime>
      <ItemType>1</ItemType>
      <ItemName>בקבוק בירה נגב אמבר</ItemName>
      <ManufactureName>לא ידוע</ManufactureName>
      <ManufactureCountry>לא ידוע</ManufactureCountry>
      <ManufactureItemDescription>בקבוק בירה נגב אמבר</ManufactureItemDescription>
      <UnitQty>לא ידוע</UnitQty>
      <Quantity>330.00</Quantity>
      <UnitOfMeasure>100 מ"ל</UnitOfMeasure>
      <bIsWeighted>0</bIsWeighted>
      <QtyInPackage>לא ידוע</QtyInPackage>
      <ItemPrice>13.90</ItemPrice>
      <UnitOfMeasurePrice>0.04</UnitOfMeasurePrice>
      <AllowDiscount>1</AllowDiscount>
      <ItemStatus>2</ItemStatus>
    </Item>
    <Item>
      <PriceUpdateTime>2025-04-20T08:54:14.000</PriceUpdateTime>
      <ItemCode>7290013430083</ItemCode>
      <LastSaleDateTime>2015-01-01T00:00:00.000</LastSaleDateTime>
      <ItemType>1</ItemType>
      <ItemName>אלכסנדר בלונד בירה 3</ItemName>
      <ManufactureName>לא ידוע</ManufactureName>
      <ManufactureCountry>לא ידוע</ManufactureCountry>
      <ManufactureItemDescription>אלכסנדר בלונד בירה 3</ManufactureItemDescription>
      <UnitQty>לא ידוע</UnitQty>
      <Quantity>330.00</Quantity>
      <UnitOfMeasure>100 מ"ל</UnitOfMeasure>
      <bIsWeighted>0</bIsWeighted>
      <QtyInPackage>לא ידוע</QtyInPackage>
      <ItemPrice>12.90</ItemPrice>
      <UnitOfMeasurePrice>0.04</UnitOfMeasurePrice>
      <AllowDiscount>1</AllowDiscount>
      <ItemStatus>2</ItemStatus>
    </Item>
    <Item>
      <PriceUpdateTime>2025-04-20T08:54:14.000</PriceUpdateTime>
      <ItemCode>7290013430090</ItemCode>
      <LastSaleDateTime>2015-01-01T00:00:00.000</LastSaleDateTime>
      <ItemType>1</ItemType>
      <ItemName>אלכסנדר אמברה בירה 3</ItemName>
      <ManufactureName>לא ידוע</ManufactureName>
      <ManufactureCountry>לא ידוע</ManufactureCountry>
      <ManufactureItemDescription>אלכסנדר אמברה בירה 3</ManufactureItemDescription>
      <UnitQty>לא ידוע</UnitQty>
      <Quantity>330.00</Quantity>
      <UnitOfMeasure>100 מ"ל</UnitOfMeasure>
      <bIsWeighted>0</bIsWeighted>
      <QtyInPackage>לא ידוע</QtyInPackage>
      <ItemPrice>12.90</ItemPrice>
      <UnitOfMeasurePrice>0.04</UnitOfMeasurePrice>
      <AllowDiscount>1</AllowDiscount>
      <ItemStatus>2</ItemStatus>
    </Item>
    <Item>
      <PriceUpdateTime>2025-04-20T08:54:14.000</PriceUpdateTime>
      <ItemCode>7290013430250</ItemCode>
      <LastSaleDateTime>2015-01-01T00:00:00.000</LastSaleDateTime>
      <ItemType>1</ItemType>
      <ItemName>אלכסנדר חיטה ישראלית</ItemName>
      <ManufactureName>לא ידוע</ManufactureName>
      <ManufactureCountry>לא ידוע</ManufactureCountry>
      <ManufactureItemDescription>אלכסנדר חיטה ישראלית</ManufactureItemDescription>
      <UnitQty>לא ידוע</UnitQty>
      <Quantity>330.00</Quantity>
      <UnitOfMeasure>100 מ"ל</UnitOfMeasure>
      <bIsWeighted>0</bIsWeighted>
      <QtyInPackage>לא ידוע</QtyInPackage>
      <ItemPrice>12.90</ItemPrice>
      <UnitOfMeasurePrice>0.04</UnitOfMeasurePrice>
      <AllowDiscount>1</AllowDiscount>
      <ItemStatus>2</ItemStatus>
    </Item>
    <Item>
      <PriceUpdateTime>2025-04-20T08:54:14.000</PriceUpdateTime>
      <ItemCode>7290012956737</ItemCode>
      <LastSaleDateTime>2015-01-01T00:00:00.000</LastSaleDateTime>
      <ItemType>1</ItemType>
      <ItemName>ערק גלילי אוטנטי 700</ItemName>
      <ManufactureName>לא ידוע</ManufactureName>
      <ManufactureCountry>לא ידוע</ManufactureCountry>
      <ManufactureItemDescription>ערק גלילי אוטנטי 700</ManufactureItemDescription>
      <UnitQty>לא ידוע</UnitQty>
      <Quantity>700.00</Quantity>
      <UnitOfMeasure>100 מ"ל</UnitOfMeasure>
      <bIsWeighted>0</bIsWeighted>
      <QtyInPackage>לא ידוע</QtyInPackage>
      <ItemPrice>50.50</ItemPrice>
      <UnitOfMeasurePrice>0.07</UnitOfMeasurePrice>
      <AllowDiscount>1</AllowDiscount>
      <ItemStatus>2</ItemStatus>
    </Item>
    <Item>
      <PriceUpdateTime>2025-04-20T08:54:14.000</PriceUpdateTime>
      <ItemCode>7290012956928</ItemCode>
      <LastSaleDateTime>2015-01-01T00:00:00.000</LastSaleDateTime>
      <ItemType>1</ItemType>
      <ItemName>ברנדי 500 מל</ItemName>
      <ManufactureName>לא ידוע</ManufactureName>
      <ManufactureCountry>לא ידוע</ManufactureCountry>
      <ManufactureItemDescription>ברנדי 500 מל</ManufactureItemDescription>
      <UnitQty>לא ידוע</UnitQty>
      <Quantity>500.00</Quantity>
      <UnitOfMeasure>100 מ"ל</UnitOfMeasure>
      <bIsWeighted>0</bIsWeighted>
      <QtyInPackage>לא ידוע</QtyInPackage>
      <ItemPrice>30.20</ItemPrice>
      <UnitOfMeasurePrice>0.06</UnitOfMeasurePrice>
      <AllowDiscount>1</AllowDiscount>
      <ItemStatus>2</ItemStatus>
    </Item>
    <Item>
      <PriceUpdateTime>2025-04-20T08:54:14.000</PriceUpdateTime>
      <ItemCode>7290013430625</ItemCode>
      <LastSaleDateTime>2015-01-01T00:00:00.000</LastSaleDateTime>
      <ItemType>1</ItemType>
      <ItemName>בירה אלכסנדר לאגר 33</ItemName>
      <ManufactureName>לא ידוע</ManufactureName>
      <ManufactureCountry>לא ידוע</ManufactureCountry>
      <ManufactureItemDescription>בירה אלכסנדר לאגר 33</ManufactureItemDescription>
      <UnitQty>לא ידוע</UnitQty>
      <Quantity>330.00</Quantity>
      <UnitOfMeasure>100 מ"ל</UnitOfMeasure>
      <bIsWeighted>0</bIsWeighted>
      <QtyInPackage>לא ידוע</QtyInPackage>
      <ItemPrice>12.90</ItemPrice>
      <UnitOfMeasurePrice>0.04</UnitOfMeasurePrice>
      <AllowDiscount>1</AllowDiscount>
      <ItemStatus>2</ItemStatus>
    </Item>
    <Item>
      <PriceUpdateTime>2025-04-20T08:54:15.000</PriceUpdateTime>
      <ItemCode>7290019398233</ItemCode>
      <LastSaleDateTime>2026-01-28T14:16:25.000</LastSaleDateTime>
      <ItemType>1</ItemType>
      <ItemName>סטלה ארטואה בקבוק 6*</ItemName>
      <ManufactureName>לא ידוע</ManufactureName>
      <ManufactureCountry>לא ידוע</ManufactureCountry>
      <ManufactureItemDescription>סטלה ארטואה בקבוק 6*</ManufactureItemDescription>
      <UnitQty>ליטר</UnitQty>
      <Quantity>1.98</Quantity>
      <UnitOfMeasure>ליטר    </UnitOfMeasure>
      <bIsWeighted>0</bIsWeighted>
      <QtyInPackage>לא ידוע</QtyInPackage>
      <ItemPrice>34.90</ItemPrice>
      <UnitOfMeasurePrice>17.63</UnitOfMeasurePrice>
      <AllowDiscount>1</AllowDiscount>
      <ItemStatus/>
    </Item>
    <Item>
      <PriceUpdateTime>2025-04-20T08:54:15.000</PriceUpdateTime>
      <ItemCode>7290019398264</ItemCode>
      <LastSaleDateTime>2025-12-25T00:00:00.000</LastSaleDateTime>
      <ItemType>1</ItemType>
      <ItemName>בירה קורונה 335 מ"ל</ItemName>
      <ManufactureName>לא ידוע</ManufactureName>
      <ManufactureCountry>לא ידוע</ManufactureCountry>
      <ManufactureItemDescription>בירה קורונה 335 מ"ל</ManufactureItemDescription>
      <UnitQty>לא ידוע</UnitQty>
      <Quantity>335.00</Quantity>
      <UnitOfMeasure>100 מ"ל</UnitOfMeasure>
      <bIsWeighted>0</bIsWeighted>
      <QtyInPackage>לא ידוע</QtyInPackage>
      <ItemPrice>8.00</ItemPrice>
      <UnitOfMeasurePrice>0.02</UnitOfMeasurePrice>
      <AllowDiscount>1</AllowDiscount>
      <ItemStatus/>
    </Item>
    <Item>
      <PriceUpdateTime>2025-04-20T08:54:15.000</PriceUpdateTime>
      <ItemCode>7290019398240</ItemCode>
      <LastSaleDateTime>2026-01-29T15:34:06.000</LastSaleDateTime>
      <ItemType>1</ItemType>
      <ItemName>בירה אייל בהירה 6.6%</ItemName>
      <ManufactureName>לא ידוע</ManufactureName>
      <ManufactureCountry>לא ידוע</ManufactureCountry>
      <ManufactureItemDescription>בירה אייל בהירה 6.6%</ManufactureItemDescription>
      <UnitQty>ליטר</UnitQty>
      <Quantity>1.98</Quantity>
      <UnitOfMeasure>ליטר    </UnitOfMeasure>
      <bIsWeighted>0</bIsWeighted>
      <QtyInPackage>לא ידוע</QtyInPackage>
      <ItemPrice>39.90</ItemPrice>
      <UnitOfMeasurePrice>20.15</UnitOfMeasurePrice>
      <AllowDiscount>1</AllowDiscount>
      <ItemStatus/>
    </Item>
    <Item>
      <PriceUpdateTime>2025-04-20T08:54:15.000</PriceUpdateTime>
      <ItemCode>7290019398271</ItemCode>
      <LastSaleDateTime>2015-01-01T00:00:00.000</LastSaleDateTime>
      <ItemType>1</ItemType>
      <ItemName>לף בירה בקבוק 330 מ"</ItemName>
      <ManufactureName>לא ידוע</ManufactureName>
      <ManufactureCountry>לא ידוע</ManufactureCountry>
      <ManufactureItemDescription>לף בירה בקבוק 330 מ"</ManufactureItemDescription>
      <UnitQty>לא ידוע</UnitQty>
      <Quantity>330.00</Quantity>
      <UnitOfMeasure>100 מ"ל</UnitOfMeasure>
      <bIsWeighted>0</bIsWeighted>
      <QtyInPackage>לא ידוע</QtyInPackage>
      <ItemPrice>9.00</ItemPrice>
      <UnitOfMeasurePrice>0.03</UnitOfMeasurePrice>
      <AllowDiscount>1</AllowDiscount>
      <ItemStatus>2</ItemStatus>
    </Item>
    <Item>
      <PriceUpdateTime>2025-04-20T08:54:16.000</PriceUpdateTime>
      <ItemCode>7290110110277</ItemCode>
      <LastSaleDateTime>2015-01-01T00:00:00.000</LastSaleDateTime>
      <ItemType>1</ItemType>
      <ItemName>סומרסבי סיידר 4 בק 3</ItemName>
      <ManufactureName>לא ידוע</ManufactureName>
      <ManufactureCountry>לא ידוע</ManufactureCountry>
      <ManufactureItemDescription>סומרסבי סיידר 4 בק 3</ManufactureItemDescription>
      <UnitQty>לא ידוע</UnitQty>
      <Quantity>330.00</Quantity>
      <UnitOfMeasure>100 מ"ל</UnitOfMeasure>
      <bIsWeighted>0</bIsWeighted>
      <QtyInPackage>לא ידוע</QtyInPackage>
      <ItemPrice>37.30</ItemPrice>
      <UnitOfMeasurePrice>0.11</UnitOfMeasurePrice>
      <AllowDiscount>1</AllowDiscount>
      <ItemStatus>2</ItemStatus>
    </Item>
    <Item>
      <PriceUpdateTime>2025-04-20T08:54:16.000</PriceUpdateTime>
      <ItemCode>7290019443124</ItemCode>
      <LastSaleDateTime>2015-01-01T00:00:00.000</LastSaleDateTime>
      <ItemType>1</ItemType>
      <ItemName>בירה נגב אואזיס 330</ItemName>
      <ManufactureName>לא ידוע</ManufactureName>
      <ManufactureCountry>לא ידוע</ManufactureCountry>
      <ManufactureItemDescription>בירה נגב אואזיס 330</ManufactureItemDescription>
      <UnitQty>לא ידוע</UnitQty>
      <Quantity>330.00</Quantity>
      <UnitOfMeasure>100 מ"ל</UnitOfMeasure>
      <bIsWeighted>0</bIsWeighted>
      <QtyInPackage>לא ידוע</QtyInPackage>
      <ItemPrice>13.90</ItemPrice>
      <UnitOfMeasurePrice>0.04</UnitOfMeasurePrice>
      <AllowDiscount>1</AllowDiscount>
      <ItemStatus>2</ItemStatus>
    </Item>
    <Item>
      <PriceUpdateTime>2025-04-20T08:54:16.000</PriceUpdateTime>
      <ItemCode>7290019398295</ItemCode>
      <LastSaleDateTime>2025-08-06T00:00:00.000</LastSaleDateTime>
      <ItemType>1</ItemType>
      <ItemName>הוגרדן בקבוק 330 מ"ל</ItemName>
      <ManufactureName>לא ידוע</ManufactureName>
      <ManufactureCountry>לא ידוע</ManufactureCountry>
      <ManufactureItemDescription>הוגרדן בקבוק 330 מ"ל</ManufactureItemDescription>
      <UnitQty>לא ידוע</UnitQty>
      <Quantity>330.00</Quantity>
      <UnitOfMeasure>100 מ"ל</UnitOfMeasure>
      <bIsWeighted>0</bIsWeighted>
      <QtyInPackage>לא ידוע</QtyInPackage>
      <ItemPrice>10.00</ItemPrice>
      <UnitOfMeasurePrice>0.03</UnitOfMeasurePrice>
      <AllowDiscount>1</AllowDiscount>
      <ItemStatus>2</ItemStatus>
    </Item>
    <Item>
      <PriceUpdateTime>2025-04-20T08:54:16.000</PriceUpdateTime>
      <ItemCode>7290019398448</ItemCode>
      <LastSaleDateTime>2015-01-01T00:00:00.000</LastSaleDateTime>
      <ItemType>1</ItemType>
      <ItemName>מארז בירה אלכסנדר עם</ItemName>
      <ManufactureName>לא ידוע</ManufactureName>
      <ManufactureCountry>לא ידוע</ManufactureCountry>
      <ManufactureItemDescription>מארז בירה אלכסנדר עם</ManufactureItemDescription>
      <UnitQty>לא ידוע</UnitQty>
      <Quantity>1320.00</Quantity>
      <UnitOfMeasure>100 מ"ל</UnitOfMeasure>
      <bIsWeighted>0</bIsWeighted>
      <QtyInPackage>לא ידוע</QtyInPackage>
      <ItemPrice>49.50</ItemPrice>
      <UnitOfMeasurePrice>0.04</UnitOfMeasurePrice>
      <AllowDiscount>1</AllowDiscount>
      <ItemStatus>2</ItemStatus>
    </Item>
    <Item>
      <PriceUpdateTime>2025-04-20T08:54:16.000</PriceUpdateTime>
      <ItemCode>7290108620085</ItemCode>
      <LastSaleDateTime>2015-01-01T00:00:00.000</LastSaleDateTime>
      <ItemType>1</ItemType>
      <ItemName>יין אסטייט שרדונה יב</ItemName>
      <ManufactureName>לא ידוע</ManufactureName>
      <ManufactureCountry>לא ידוע</ManufactureCountry>
      <ManufactureItemDescription>יין אסטייט שרדונה יב</ManufactureItemDescription>
      <UnitQty>לא ידוע</UnitQty>
      <Quantity>750.00</Quantity>
      <UnitOfMeasure>100 מ"ל</UnitOfMeasure>
      <bIsWeighted>0</bIsWeighted>
      <QtyInPackage>לא ידוע</QtyInPackage>
      <ItemPrice>34.90</ItemPrice>
      <UnitOfMeasurePrice>0.05</UnitOfMeasurePrice>
      <AllowDiscount>1</AllowDiscount>
      <ItemStatus>2</ItemStatus>
    </Item>
    <Item>
      <PriceUpdateTime>2025-04-20T08:54:18.000</PriceUpdateTime>
      <ItemCode>8002450202005</ItemCode>
      <LastSaleDateTime>2015-01-01T00:00:00.000</LastSaleDateTime>
      <ItemType>1</ItemType>
      <ItemName>ורדי אסאי כשר</ItemName>
      <ManufactureName>בוסקה</ManufactureName>
      <ManufactureCountry>איטליה</ManufactureCountry>
      <ManufactureItemDescription>ורדי ספרקלטיני אסאי בוסקה</ManufactureItemDescription>
      <UnitQty>לא ידוע</UnitQty>
      <Quantity>750.00</Quantity>
      <UnitOfMeasure>100 מ"ל</UnitOfMeasure>
      <bIsWeighted>0</bIsWeighted>
      <QtyInPackage>לא ידוע</QtyInPackage>
      <ItemPrice>24.90</ItemPrice>
      <UnitOfMeasurePrice>0.03</UnitOfMeasurePrice>
      <AllowDiscount>1</AllowDiscount>
      <ItemStatus>2</ItemStatus>
    </Item>
    <Item>
      <PriceUpdateTime>2025-04-20T08:54:18.000</PriceUpdateTime>
      <ItemCode>8002450203002</ItemCode>
      <LastSaleDateTime>2015-01-01T00:00:00.000</LastSaleDateTime>
      <ItemType>1</ItemType>
      <ItemName>ורדי אבטיח כשר</ItemName>
      <ManufactureName>לא ידוע</ManufactureName>
      <ManufactureCountry>לא ידוע</ManufactureCountry>
      <ManufactureItemDescription>ורדי אבטיח כשר</ManufactureItemDescription>
      <UnitQty>לא ידוע</UnitQty>
      <Quantity>750.00</Quantity>
      <UnitOfMeasure>100 מ"ל</UnitOfMeasure>
      <bIsWeighted>0</bIsWeighted>
      <QtyInPackage>לא ידוע</QtyInPackage>
      <ItemPrice>24.90</ItemPrice>
      <UnitOfMeasurePrice>0.03</UnitOfMeasurePrice>
      <AllowDiscount>1</AllowDiscount>
      <ItemStatus>2</ItemStatus>
    </Item>
    <Item>
      <PriceUpdateTime>2025-04-20T08:54:18.000</PriceUpdateTime>
      <ItemCode>8002450204009</ItemCode>
      <LastSaleDateTime>2015-01-01T00:00:00.000</LastSaleDateTime>
      <ItemType>1</ItemType>
      <ItemName>ורדי אפרסק כשר</ItemName>
      <ManufactureName>בוסקה</ManufactureName>
      <ManufactureCountry>איטליה</ManufactureCountry>
      <ManufactureItemDescription>ורדי אפרסק כשר</ManufactureItemDescription>
      <UnitQty>לא ידוע</UnitQty>
      <Quantity>750.00</Quantity>
      <UnitOfMeasure>100 מ"ל</UnitOfMeasure>
      <bIsWeighted>0</bIsWeighted>
      <QtyInPackage>לא ידוע</QtyInPackage>
      <ItemPrice>24.90</ItemPrice>
      <UnitOfMeasurePrice>0.03</UnitOfMeasurePrice>
      <AllowDiscount>1</AllowDiscount>
      <ItemStatus>2</ItemStatus>
    </Item>
    <Item>
      <PriceUpdateTime>2025-04-20T08:54:18.000</PriceUpdateTime>
      <ItemCode>8593868006014</ItemCode>
      <LastSaleDateTime>2015-01-01T00:00:00.000</LastSaleDateTime>
      <ItemType>1</ItemType>
      <ItemName>פחית בלומון 500 מ"ל</ItemName>
      <ManufactureName>לא ידוע</ManufactureName>
      <ManufactureCountry>לא ידוע</ManufactureCountry>
      <ManufactureItemDescription>פחית בלומון 500 מ"ל</ManufactureItemDescription>
      <UnitQty>לא ידוע</UnitQty>
      <Quantity>500.00</Quantity>
      <UnitOfMeasure>100 מ"ל</UnitOfMeasure>
      <bIsWeighted>0</bIsWeighted>
      <QtyInPackage>לא ידוע</QtyInPackage>
      <ItemPrice>11.10</ItemPrice>
      <UnitOfMeasurePrice>0.02</UnitOfMeasurePrice>
      <AllowDiscount>1</AllowDiscount>
      <ItemStatus>2</ItemStatus>
    </Item>
    <Item>
      <PriceUpdateTime>2025-04-20T08:54:18.000</PriceUpdateTime>
      <ItemCode>7501064196690</ItemCode>
      <LastSaleDateTime>2025-10-13T00:00:00.000</LastSaleDateTime>
      <ItemType>1</ItemType>
      <ItemName>בירה קורונה פחית 355</ItemName>
      <ManufactureName>לא ידוע</ManufactureName>
      <ManufactureCountry>לא ידוע</ManufactureCountry>
      <ManufactureItemDescription>בירה קורונה פחית 355</ManufactureItemDescription>
      <UnitQty>לא ידוע</UnitQty>
      <Quantity>355.00</Quantity>
      <UnitOfMeasure>100 מ"ל</UnitOfMeasure>
      <bIsWeighted>0</bIsWeighted>
      <QtyInPackage>לא ידוע</QtyInPackage>
      <ItemPrice>10.00</ItemPrice>
      <UnitOfMeasurePrice>0.03</UnitOfMeasurePrice>
      <AllowDiscount>1</AllowDiscount>
      <ItemStatus>2</ItemStatus>
    </Item>
    <Item>
      <PriceUpdateTime>2025-04-20T08:54:18.000</PriceUpdateTime>
      <ItemCode>8593868000050</ItemCode>
      <LastSaleDateTime>2025-09-25T00:00:00.000</LastSaleDateTime>
      <ItemType>1</ItemType>
      <ItemName>בירה סטארופרמן 500 מ</ItemName>
      <ManufactureName>סטארופרמן</ManufactureName>
      <ManufactureCountry>לא ידוע</ManufactureCountry>
      <ManufactureItemDescription>בירה סטארופרמן 500 מ</ManufactureItemDescription>
      <UnitQty>לא ידוע</UnitQty>
      <Quantity>500.00</Quantity>
      <UnitOfMeasure>100 מ"ל</UnitOfMeasure>
      <bIsWeighted>0</bIsWeighted>
      <QtyInPackage>לא ידוע</QtyInPackage>
      <ItemPrice>11.90</ItemPrice>
      <UnitOfMeasurePrice>0.02</UnitOfMeasurePrice>
      <AllowDiscount>1</AllowDiscount>
      <ItemStatus>2</ItemStatus>
    </Item>
    <Item>
      <PriceUpdateTime>2025-04-20T08:54:18.000</PriceUpdateTime>
      <ItemCode>8593868000302</ItemCode>
      <LastSaleDateTime>2015-01-01T00:00:00.000</LastSaleDateTime>
      <ItemType>1</ItemType>
      <ItemName>סטארופרמן בירה 500 מ</ItemName>
      <ManufactureName>לא ידוע</ManufactureName>
      <ManufactureCountry>לא ידוע</ManufactureCountry>
      <ManufactureItemDescription>סטארופרמן בירה 500 מ</ManufactureItemDescription>
      <UnitQty>לא ידוע</UnitQty>
      <Quantity>500.00</Quantity>
      <UnitOfMeasure>100 מ"ל</UnitOfMeasure>
      <bIsWeighted>0</bIsWeighted>
      <QtyInPackage>לא ידוע</QtyInPackage>
      <ItemPrice>11.90</ItemPrice>
      <UnitOfMeasurePrice>0.02</UnitOfMeasurePrice>
      <AllowDiscount>1</AllowDiscount>
      <ItemStatus>2</ItemStatus>
    </Item>
    <Item>
      <PriceUpdateTime>2025-04-20T08:54:18.000</PriceUpdateTime>
      <ItemCode>8593868006847</ItemCode>
      <LastSaleDateTime>2015-01-01T00:00:00.000</LastSaleDateTime>
      <ItemType>1</ItemType>
      <ItemName>בירה מילר פחית 500 מ</ItemName>
      <ManufactureName>לא ידוע</ManufactureName>
      <ManufactureCountry>לא ידוע</ManufactureCountry>
      <ManufactureItemDescription>בירה מילר פחית 500 מ</ManufactureItemDescription>
      <UnitQty>לא ידוע</UnitQty>
      <Quantity>500.00</Quantity>
      <UnitOfMeasure>100 מ"ל</UnitOfMeasure>
      <bIsWeighted>0</bIsWeighted>
      <QtyInPackage>לא ידוע</QtyInPackage>
      <ItemPrice>12.20</ItemPrice>
      <UnitOfMeasurePrice>0.02</UnitOfMeasurePrice>
      <AllowDiscount>1</AllowDiscount>
      <ItemStatus>2</ItemStatus>
    </Item>
    <Item>
      <PriceUpdateTime>2025-04-20T08:54:18.000</PriceUpdateTime>
      <ItemCode>8002450201008</ItemCode>
      <LastSaleDateTime>2015-01-01T00:00:00.000</LastSaleDateTime>
      <ItemType>1</ItemType>
      <ItemName>ורדי רסברי כשר</ItemName>
      <ManufactureName>בוסקה</ManufactureName>
      <ManufactureCountry>איטליה</ManufactureCountry>
      <ManufactureItemDescription>ורדי רסברי  כשר</ManufactureItemDescription>
      <UnitQty>לא ידוע</UnitQty>
      <Quantity>750.00</Quantity>
      <UnitOfMeasure>100 מ"ל</UnitOfMeasure>
      <bIsWeighted>0</bIsWeighted>
      <QtyInPackage>לא ידוע</QtyInPackage>
      <ItemPrice>24.90</ItemPrice>
      <UnitOfMeasurePrice>0.03</UnitOfMeasurePrice>
      <AllowDiscount>1</AllowDiscount>
      <ItemStatus>2</ItemStatus>
    </Item>
    <Item>
      <PriceUpdateTime>2025-04-20T08:54:18.000</PriceUpdateTime>
      <ItemCode>8593868004713</ItemCode>
      <LastSaleDateTime>2025-07-11T00:00:00.000</LastSaleDateTime>
      <ItemType>1</ItemType>
      <ItemName>בירה מילר שישייה 330</ItemName>
      <ManufactureName>לא ידוע</ManufactureName>
      <ManufactureCountry>לא ידוע</ManufactureCountry>
      <ManufactureItemDescription>בירה מילר שישייה 330</ManufactureItemDescription>
      <UnitQty>ליטר</UnitQty>
      <Quantity>1.98</Quantity>
      <UnitOfMeasure>ליטר    </UnitOfMeasure>
      <bIsWeighted>0</bIsWeighted>
      <QtyInPackage>לא ידוע</QtyInPackage>
      <ItemPrice>34.90</ItemPrice>
      <UnitOfMeasurePrice>17.63</UnitOfMeasurePrice>
      <AllowDiscount>1</AllowDiscount>
      <ItemStatus>2</ItemStatus>
    </Item>
    <Item>
      <PriceUpdateTime>2025-04-20T08:54:18.000</PriceUpdateTime>
      <ItemCode>8593868007127</ItemCode>
      <LastSaleDateTime>2026-01-28T10:24:12.000</LastSaleDateTime>
      <ItemType>1</ItemType>
      <ItemName>בירה סטרופראמן שישיי</ItemName>
      <ManufactureName>לא ידוע</ManufactureName>
      <ManufactureCountry>לא ידוע</ManufactureCountry>
      <ManufactureItemDescription>בירה סטרופראמן שישיי</ManufactureItemDescription>
      <UnitQty>ליטר</UnitQty>
      <Quantity>1.98</Quantity>
      <UnitOfMeasure>ליטר    </UnitOfMeasure>
      <bIsWeighted>0</bIsWeighted>
      <QtyInPackage>לא ידוע</QtyInPackage>
      <ItemPrice>34.90</ItemPrice>
      <UnitOfMeasurePrice>17.63</UnitOfMeasurePrice>
      <AllowDiscount>1</AllowDiscount>
      <ItemStatus/>
    </Item>
    <Item>
      <PriceUpdateTime>2025-04-20T08:54:18.000</PriceUpdateTime>
      <ItemCode>8593868004690</ItemCode>
      <LastSaleDateTime>2015-01-01T00:00:00.000</LastSaleDateTime>
      <ItemType>1</ItemType>
      <ItemName>בירה מילר 330מל</ItemName>
      <ManufactureName>לא ידוע</ManufactureName>
      <ManufactureCountry>לא ידוע</ManufactureCountry>
      <ManufactureItemDescription>בירה מילר 330מל</ManufactureItemDescription>
      <UnitQty>לא ידוע</UnitQty>
      <Quantity>330.00</Quantity>
      <UnitOfMeasure>100 מ"ל</UnitOfMeasure>
      <bIsWeighted>0</bIsWeighted>
      <QtyInPackage>לא ידוע</QtyInPackage>
      <ItemPrice>8.00</ItemPrice>
      <UnitOfMeasurePrice>0.02</UnitOfMeasurePrice>
      <AllowDiscount>1</AllowDiscount>
      <ItemStatus>2</ItemStatus>
    </Item>
    <Item>
      <PriceUpdateTime>2025-04-20T08:54:18.000</PriceUpdateTime>
      <ItemCode>7804414002550</ItemCode>
      <LastSaleDateTime>2015-01-01T00:00:00.000</LastSaleDateTime>
      <ItemType>1</ItemType>
      <ItemName>דון חוליו רבע שרדונה</ItemName>
      <ManufactureName>לא ידוע</ManufactureName>
      <ManufactureCountry>לא ידוע</ManufactureCountry>
      <ManufactureItemDescription>דון חוליו רבע שרדונה</ManufactureItemDescription>
      <UnitQty>לא ידוע</UnitQty>
      <Quantity>187.00</Quantity>
      <UnitOfMeasure>100 מ"ל</UnitOfMeasure>
      <bIsWeighted>0</bIsWeighted>
      <QtyInPackage>לא ידוע</QtyInPackage>
      <ItemPrice>8.90</ItemPrice>
      <UnitOfMeasurePrice>0.05</UnitOfMeasurePrice>
      <AllowDiscount>1</AllowDiscount>
      <ItemStatus>2</ItemStatus>
    </Item>
    <Item>
      <PriceUpdateTime>2025-04-20T08:54:18.000</PriceUpdateTime>
      <ItemCode>7350041950103</ItemCode>
      <LastSaleDateTime>2026-01-16T10:34:50.000</LastSaleDateTime>
      <ItemType>1</ItemType>
      <ItemName>ליקר שרי הירינג 700</ItemName>
      <ManufactureName>לא ידוע</ManufactureName>
      <ManufactureCountry>לא ידוע</ManufactureCountry>
      <ManufactureItemDescription>ליקר שרי הירינג 700</ManufactureItemDescription>
      <UnitQty>מטרים</UnitQty>
      <Quantity>700.00</Quantity>
      <UnitOfMeasure>100 מ'ל</UnitOfMeasure>
      <bIsWeighted>0</bIsWeighted>
      <QtyInPackage>לא ידוע</QtyInPackage>
      <ItemPrice>116.10</ItemPrice>
      <UnitOfMeasurePrice>0.17</UnitOfMeasurePrice>
      <AllowDiscount>1</AllowDiscount>
      <ItemStatus/>
    </Item>
    <Item>
      <PriceUpdateTime>2025-04-20T08:54:18.000</PriceUpdateTime>
      <ItemCode>8006890690293</ItemCode>
      <LastSaleDateTime>2015-01-01T00:00:00.000</LastSaleDateTime>
      <ItemType>1</ItemType>
      <ItemName>בירה מורטי 330 מ"ל</ItemName>
      <ManufactureName>לא ידוע</ManufactureName>
      <ManufactureCountry>לא ידוע</ManufactureCountry>
      <ManufactureItemDescription>בירה מורטי 330 מ"ל</ManufactureItemDescription>
      <UnitQty>לא ידוע</UnitQty>
      <Quantity>330.00</Quantity>
      <UnitOfMeasure>100 מ"ל</UnitOfMeasure>
      <bIsWeighted>0</bIsWeighted>
      <QtyInPackage>לא ידוע</QtyInPackage>
      <ItemPrice>9.00</ItemPrice>
      <UnitOfMeasurePrice>0.03</UnitOfMeasurePrice>
      <AllowDiscount>1</AllowDiscount>
      <ItemStatus>2</ItemStatus>
    </Item>
    <Item>
      <PriceUpdateTime>2025-04-20T08:54:18.000</PriceUpdateTime>
      <ItemCode>7290119776542</ItemCode>
      <LastSaleDateTime>2015-01-01T00:00:00.000</LastSaleDateTime>
      <ItemType>1</ItemType>
      <ItemName>שוופס קוקטייל רום אב</ItemName>
      <ManufactureName>לא ידוע</ManufactureName>
      <ManufactureCountry>לא ידוע</ManufactureCountry>
      <ManufactureItemDescription>שוופס קוקטייל רום אב</ManufactureItemDescription>
      <UnitQty>לא ידוע</UnitQty>
      <Quantity>280.00</Quantity>
      <UnitOfMeasure>100 מ"ל</UnitOfMeasure>
      <bIsWeighted>0</bIsWeighted>
      <QtyInPackage>לא ידוע</QtyInPackage>
      <ItemPrice>12.50</ItemPrice>
      <UnitOfMeasurePrice>0.04</UnitOfMeasurePrice>
      <AllowDiscount>1</AllowDiscount>
      <ItemStatus>2</ItemStatus>
    </Item>
    <Item>
      <PriceUpdateTime>2025-04-20T08:54:18.000</PriceUpdateTime>
      <ItemCode>7290119776597</ItemCode>
      <LastSaleDateTime>2015-01-01T00:00:00.000</LastSaleDateTime>
      <ItemType>1</ItemType>
      <ItemName>שוופס קוקטייל רום אנ</ItemName>
      <ManufactureName>לא ידוע</ManufactureName>
      <ManufactureCountry>לא ידוע</ManufactureCountry>
      <ManufactureItemDescription>שוופס קוקטייל רום אנ</ManufactureItemDescription>
      <UnitQty>לא ידוע</UnitQty>
      <Quantity>280.00</Quantity>
      <UnitOfMeasure>100 מ"ל</UnitOfMeasure>
      <bIsWeighted>0</bIsWeighted>
      <QtyInPackage>לא ידוע</QtyInPackage>
      <ItemPrice>12.50</ItemPrice>
      <UnitOfMeasurePrice>0.04</UnitOfMeasurePrice>
      <AllowDiscount>1</AllowDiscount>
      <ItemStatus>2</ItemStatus>
    </Item>
    <Item>
      <PriceUpdateTime>2025-04-20T08:54:19.000</PriceUpdateTime>
      <ItemCode>8594404001418</ItemCode>
      <LastSaleDateTime>2015-01-01T00:00:00.000</LastSaleDateTime>
      <ItemType>1</ItemType>
      <ItemName>קוזל בירה כהה צכיה 5</ItemName>
      <ManufactureName>לא ידוע</ManufactureName>
      <ManufactureCountry>לא ידוע</ManufactureCountry>
      <ManufactureItemDescription>קוזל בירה כהה צכיה 5</ManufactureItemDescription>
      <UnitQty>לא ידוע</UnitQty>
      <Quantity>500.00</Quantity>
      <UnitOfMeasure>100 מ"ל</UnitOfMeasure>
      <bIsWeighted>0</bIsWeighted>
      <QtyInPackage>לא ידוע</QtyInPackage>
      <ItemPrice>8.60</ItemPrice>
      <UnitOfMeasurePrice>0.02</UnitOfMeasurePrice>
      <AllowDiscount>1</AllowDiscount>
      <ItemStatus>2</ItemStatus>
    </Item>
    <Item>
      <PriceUpdateTime>2025-04-20T08:54:19.000</PriceUpdateTime>
      <ItemCode>9003400304939</ItemCode>
      <LastSaleDateTime>2015-01-01T00:00:00.000</LastSaleDateTime>
      <ItemType>1</ItemType>
      <ItemName>בירה שטיגל חיטה</ItemName>
      <ManufactureName>לא ידוע</ManufactureName>
      <ManufactureCountry>לא ידוע</ManufactureCountry>
      <ManufactureItemDescription>בירה שטיגל חיטה</ManufactureItemDescription>
      <UnitQty>לא ידוע</UnitQty>
      <Quantity>500.00</Quantity>
      <UnitOfMeasure>100 מ"ל</UnitOfMeasure>
      <bIsWeighted>0</bIsWeighted>
      <QtyInPackage>לא ידוע</QtyInPackage>
      <ItemPrice>11.10</ItemPrice>
      <UnitOfMeasurePrice>0.02</UnitOfMeasurePrice>
      <AllowDiscount>1</AllowDiscount>
      <ItemStatus>2</ItemStatus>
    </Item>
    <Item>
      <PriceUpdateTime>2025-04-20T08:54:19.000</PriceUpdateTime>
      <ItemCode>9003402660088</ItemCode>
      <LastSaleDateTime>2015-01-01T00:00:00.000</LastSaleDateTime>
      <ItemType>1</ItemType>
      <ItemName>בירה שטיגל גולדברו</ItemName>
      <ManufactureName>לא ידוע</ManufactureName>
      <ManufactureCountry>לא ידוע</ManufactureCountry>
      <ManufactureItemDescription>בירה שטיגל גולדברו</ManufactureItemDescription>
      <UnitQty>לא ידוע</UnitQty>
      <Quantity>500.00</Quantity>
      <UnitOfMeasure>100 מ"ל</UnitOfMeasure>
      <bIsWeighted>0</bIsWeighted>
      <QtyInPackage>לא ידוע</QtyInPackage>
      <ItemPrice>8.60</ItemPrice>
      <UnitOfMeasurePrice>0.02</UnitOfMeasurePrice>
      <AllowDiscount>1</AllowDiscount>
      <ItemStatus>2</ItemStatus>
    </Item>
    <Item>
      <PriceUpdateTime>2025-04-22T12:12:12.000</PriceUpdateTime>
      <ItemCode>7290001594858</ItemCode>
      <LastSaleDateTime>2026-01-29T21:03:42.000</LastSaleDateTime>
      <ItemType>1</ItemType>
      <ItemName>בירה טובורג רד 6*330</ItemName>
      <ManufactureName>קוקה קולה</ManufactureName>
      <ManufactureCountry>לא ידוע</ManufactureCountry>
      <ManufactureItemDescription>בירה טובורג רד 6*330</ManufactureItemDescription>
      <UnitQty>ליטר</UnitQty>
      <Quantity>1.98</Quantity>
      <UnitOfMeasure>ליטר    </UnitOfMeasure>
      <bIsWeighted>0</bIsWeighted>
      <QtyInPackage>לא ידוע</QtyInPackage>
      <ItemPrice>34.80</ItemPrice>
      <UnitOfMeasurePrice>17.58</UnitOfMeasurePrice>
      <AllowDiscount>1</AllowDiscount>
      <ItemStatus/>
    </Item>
    <Item>
      <PriceUpdateTime>2025-05-11T12:32:20.000</PriceUpdateTime>
      <ItemCode>4022025001790</ItemCode>
      <LastSaleDateTime>2026-01-12T12:34:39.000</LastSaleDateTime>
      <ItemType>1</ItemType>
      <ItemName>בלו נאן מבעבע גולד 7</ItemName>
      <ManufactureName>לא ידוע</ManufactureName>
      <ManufactureCountry>לא ידוע</ManufactureCountry>
      <ManufactureItemDescription>בלו נאן מבעבע גולד 7</ManufactureItemDescription>
      <UnitQty>מטרים</UnitQty>
      <Quantity>750.00</Quantity>
      <UnitOfMeasure>100 מ'ל</UnitOfMeasure>
      <bIsWeighted>0</bIsWeighted>
      <QtyInPackage>לא ידוע</QtyInPackage>
      <ItemPrice>49.90</ItemPrice>
      <UnitOfMeasurePrice>0.07</UnitOfMeasurePrice>
      <AllowDiscount>1</AllowDiscount>
      <ItemStatus/>
    </Item>
    <Item>
      <PriceUpdateTime>2025-05-12T15:56:11.000</PriceUpdateTime>
      <ItemCode>7290015350242</ItemCode>
      <LastSaleDateTime>2015-01-01T00:00:00.000</LastSaleDateTime>
      <ItemType>1</ItemType>
      <ItemName>ברנדי שטוק 84 דבש 75</ItemName>
      <ManufactureName>לא ידוע</ManufactureName>
      <ManufactureCountry>לא ידוע</ManufactureCountry>
      <ManufactureItemDescription>ברנדי שטוק 84 דבש 75</ManufactureItemDescription>
      <UnitQty>לא ידוע</UnitQty>
      <Quantity>750.00</Quantity>
      <UnitOfMeasure>100 מ"ל</UnitOfMeasure>
      <bIsWeighted>0</bIsWeighted>
      <QtyInPackage>לא ידוע</QtyInPackage>
      <ItemPrice>77.60</ItemPrice>
      <UnitOfMeasurePrice>0.10</UnitOfMeasurePrice>
      <AllowDiscount>1</AllowDiscount>
      <ItemStatus>2</ItemStatus>
    </Item>
    <Item>
      <PriceUpdateTime>2025-05-27T14:47:54.000</PriceUpdateTime>
      <ItemCode>721733000739</ItemCode>
      <LastSaleDateTime>2026-01-21T17:47:15.000</LastSaleDateTime>
      <ItemType>1</ItemType>
      <ItemName>פטרון סילבר טקילה 70</ItemName>
      <ManufactureName>לא ידוע</ManufactureName>
      <ManufactureCountry>לא ידוע</ManufactureCountry>
      <ManufactureItemDescription>פטרון סילבר טקילה 70</ManufactureItemDescription>
      <UnitQty>לא ידוע</UnitQty>
      <Quantity>700.00</Quantity>
      <UnitOfMeasure>100 מ"ל</UnitOfMeasure>
      <bIsWeighted>0</bIsWeighted>
      <QtyInPackage>לא ידוע</QtyInPackage>
      <ItemPrice>199.90</ItemPrice>
      <UnitOfMeasurePrice>0.29</UnitOfMeasurePrice>
      <AllowDiscount>1</AllowDiscount>
      <ItemStatus/>
    </Item>
    <Item>
      <PriceUpdateTime>2025-05-27T14:47:54.000</PriceUpdateTime>
      <ItemCode>5010677850100</ItemCode>
      <LastSaleDateTime>2026-01-29T15:46:23.000</LastSaleDateTime>
      <ItemType>1</ItemType>
      <ItemName>וודקה גרייגוס 700 מ"</ItemName>
      <ManufactureName>לא ידוע</ManufactureName>
      <ManufactureCountry>לא ידוע</ManufactureCountry>
      <ManufactureItemDescription>וודקה גרייגוס 700 מ"</ManufactureItemDescription>
      <UnitQty>לא ידוע</UnitQty>
      <Quantity>1.00</Quantity>
      <UnitOfMeasure>יח'</UnitOfMeasure>
      <bIsWeighted>0</bIsWeighted>
      <QtyInPackage>לא ידוע</QtyInPackage>
      <ItemPrice>120.90</ItemPrice>
      <UnitOfMeasurePrice>120.90</UnitOfMeasurePrice>
      <AllowDiscount>1</AllowDiscount>
      <ItemStatus/>
    </Item>
    <Item>
      <PriceUpdateTime>2025-05-27T14:47:54.000</PriceUpdateTime>
      <ItemCode>5998623526739</ItemCode>
      <LastSaleDateTime>2026-01-22T16:44:12.000</LastSaleDateTime>
      <ItemType>1</ItemType>
      <ItemName>סי גראס גוורצטרמינר</ItemName>
      <ManufactureName>לא ידוע</ManufactureName>
      <ManufactureCountry>לא ידוע</ManufactureCountry>
      <ManufactureItemDescription>סי גראס גוורצטרמינר</ManufactureItemDescription>
      <UnitQty>לא ידוע</UnitQty>
      <Quantity>750.00</Quantity>
      <UnitOfMeasure>100 מ"ל</UnitOfMeasure>
      <bIsWeighted>0</bIsWeighted>
      <QtyInPackage>לא ידוע</QtyInPackage>
      <ItemPrice>39.90</ItemPrice>
      <UnitOfMeasurePrice>0.05</UnitOfMeasurePrice>
      <AllowDiscount>1</AllowDiscount>
      <ItemStatus/>
    </Item>
    <Item>
      <PriceUpdateTime>2025-05-27T14:47:54.000</PriceUpdateTime>
      <ItemCode>7290003208586</ItemCode>
      <LastSaleDateTime>2025-12-08T00:00:00.000</LastSaleDateTime>
      <ItemType>1</ItemType>
      <ItemName>מרטיני ביאנקו 750 מל</ItemName>
      <ManufactureName>לא ידוע</ManufactureName>
      <ManufactureCountry>לא ידוע</ManufactureCountry>
      <ManufactureItemDescription>מרטיני ביאנקו 750 מל</ManufactureItemDescription>
      <UnitQty>לא ידוע</UnitQty>
      <Quantity>750.00</Quantity>
      <UnitOfMeasure>100 מ"ל</UnitOfMeasure>
      <bIsWeighted>0</bIsWeighted>
      <QtyInPackage>לא ידוע</QtyInPackage>
      <ItemPrice>54.90</ItemPrice>
      <UnitOfMeasurePrice>0.07</UnitOfMeasurePrice>
      <AllowDiscount>1</AllowDiscount>
      <ItemStatus/>
    </Item>
    <Item>
      <PriceUpdateTime>2025-05-27T14:47:54.000</PriceUpdateTime>
      <ItemCode>7290003208593</ItemCode>
      <LastSaleDateTime>2025-08-19T00:00:00.000</LastSaleDateTime>
      <ItemType>1</ItemType>
      <ItemName>מרטיני דריי 750 מל</ItemName>
      <ManufactureName>TBD</ManufactureName>
      <ManufactureCountry>לא ידוע</ManufactureCountry>
      <ManufactureItemDescription>מרטיני דריי 750 מל</ManufactureItemDescription>
      <UnitQty>לא ידוע</UnitQty>
      <Quantity>750.00</Quantity>
      <UnitOfMeasure>100 מ"ל</UnitOfMeasure>
      <bIsWeighted>0</bIsWeighted>
      <QtyInPackage>לא ידוע</QtyInPackage>
      <ItemPrice>54.90</ItemPrice>
      <UnitOfMeasurePrice>0.07</UnitOfMeasurePrice>
      <AllowDiscount>1</AllowDiscount>
      <ItemStatus>2</ItemStatus>
    </Item>
    <Item>
      <PriceUpdateTime>2025-05-27T14:47:54.000</PriceUpdateTime>
      <ItemCode>7290003208609</ItemCode>
      <LastSaleDateTime>2026-01-04T09:11:56.000</LastSaleDateTime>
      <ItemType>1</ItemType>
      <ItemName>מרטיני רוסו 750 מל</ItemName>
      <ManufactureName>TBD</ManufactureName>
      <ManufactureCountry>לא ידוע</ManufactureCountry>
      <ManufactureItemDescription>מרטיני רוסו 750 מל</ManufactureItemDescription>
      <UnitQty>לא ידוע</UnitQty>
      <Quantity>750.00</Quantity>
      <UnitOfMeasure>100 מ"ל</UnitOfMeasure>
      <bIsWeighted>0</bIsWeighted>
      <QtyInPackage>לא ידוע</QtyInPackage>
      <ItemPrice>54.90</ItemPrice>
      <UnitOfMeasurePrice>0.07</UnitOfMeasurePrice>
      <AllowDiscount>1</AllowDiscount>
      <ItemStatus/>
    </Item>
    <Item>
      <PriceUpdateTime>2025-05-27T14:47:54.000</PriceUpdateTime>
      <ItemCode>7290105500748</ItemCode>
      <LastSaleDateTime>2026-01-29T20:24:58.000</LastSaleDateTime>
      <ItemType>1</ItemType>
      <ItemName>וויסקי פיימוס גראוס</ItemName>
      <ManufactureName>לא ידוע</ManufactureName>
      <ManufactureCountry>לא ידוע</ManufactureCountry>
      <ManufactureItemDescription>וויסקי פיימוס גראוס</ManufactureItemDescription>
      <UnitQty>לא ידוע</UnitQty>
      <Quantity>700.00</Quantity>
      <UnitOfMeasure>100 מ"ל</UnitOfMeasure>
      <bIsWeighted>0</bIsWeighted>
      <QtyInPackage>לא ידוע</QtyInPackage>
      <ItemPrice>89.90</ItemPrice>
      <UnitOfMeasurePrice>0.13</UnitOfMeasurePrice>
      <AllowDiscount>1</AllowDiscount>
      <ItemStatus/>
    </Item>
    <Item>
      <PriceUpdateTime>2025-05-27T14:47:54.000</PriceUpdateTime>
      <ItemCode>7290105500984</ItemCode>
      <LastSaleDateTime>2015-01-01T00:00:00.000</LastSaleDateTime>
      <ItemType>1</ItemType>
      <ItemName>בוכא בוקובזה כהיל תא</ItemName>
      <ManufactureName>לא ידוע</ManufactureName>
      <ManufactureCountry>לא ידוע</ManufactureCountry>
      <ManufactureItemDescription>בוכא בוקובזה כהיל תא</ManufactureItemDescription>
      <UnitQty>לא ידוע</UnitQty>
      <Quantity>700.00</Quantity>
      <UnitOfMeasure>100 מ"ל</UnitOfMeasure>
      <bIsWeighted>0</bIsWeighted>
      <QtyInPackage>לא ידוע</QtyInPackage>
      <ItemPrice>179.90</ItemPrice>
      <UnitOfMeasurePrice>0.26</UnitOfMeasurePrice>
      <AllowDiscount>1</AllowDiscount>
      <ItemStatus>2</ItemStatus>
    </Item>
    <Item>
      <PriceUpdateTime>2025-05-29T11:14:23.000</PriceUpdateTime>
      <ItemCode>8002450205006</ItemCode>
      <LastSaleDateTime>2026-01-29T20:25:29.000</LastSaleDateTime>
      <ItemType>1</ItemType>
      <ItemName>ורדי תות שדה כשר</ItemName>
      <ManufactureName>בוסקה</ManufactureName>
      <ManufactureCountry>איטליה</ManufactureCountry>
      <ManufactureItemDescription>ורדי רימונים כשר</ManufactureItemDescription>
      <UnitQty>לא ידוע</UnitQty>
      <Quantity>750.00</Quantity>
      <UnitOfMeasure>100 מ"ל</UnitOfMeasure>
      <bIsWeighted>0</bIsWeighted>
      <QtyInPackage>לא ידוע</QtyInPackage>
      <ItemPrice>24.90</ItemPrice>
      <UnitOfMeasurePrice>0.03</UnitOfMeasurePrice>
      <AllowDiscount>1</AllowDiscount>
      <ItemStatus/>
    </Item>
    <Item>
      <PriceUpdateTime>2025-05-29T11:14:23.000</PriceUpdateTime>
      <ItemCode>8002450206003</ItemCode>
      <LastSaleDateTime>2025-11-20T00:00:00.000</LastSaleDateTime>
      <ItemType>1</ItemType>
      <ItemName>ורדי רימונים כשר</ItemName>
      <ManufactureName>בוסקה</ManufactureName>
      <ManufactureCountry>איטליה</ManufactureCountry>
      <ManufactureItemDescription>ורדי רימונים כשר</ManufactureItemDescription>
      <UnitQty>לא ידוע</UnitQty>
      <Quantity>750.00</Quantity>
      <UnitOfMeasure>100 מ"ל</UnitOfMeasure>
      <bIsWeighted>0</bIsWeighted>
      <QtyInPackage>לא ידוע</QtyInPackage>
      <ItemPrice>24.90</ItemPrice>
      <UnitOfMeasurePrice>0.03</UnitOfMeasurePrice>
      <AllowDiscount>1</AllowDiscount>
      <ItemStatus/>
    </Item>
    <Item>
      <PriceUpdateTime>2025-05-29T11:14:23.000</PriceUpdateTime>
      <ItemCode>8002450208007</ItemCode>
      <LastSaleDateTime>2015-01-01T00:00:00.000</LastSaleDateTime>
      <ItemType>1</ItemType>
      <ItemName>ורדי גרין אפל כשר</ItemName>
      <ManufactureName>בוסקה</ManufactureName>
      <ManufactureCountry>איטליה</ManufactureCountry>
      <ManufactureItemDescription>ורדי גרין אפל כשר</ManufactureItemDescription>
      <UnitQty>לא ידוע</UnitQty>
      <Quantity>750.00</Quantity>
      <UnitOfMeasure>100 מ"ל</UnitOfMeasure>
      <bIsWeighted>0</bIsWeighted>
      <QtyInPackage>לא ידוע</QtyInPackage>
      <ItemPrice>24.90</ItemPrice>
      <UnitOfMeasurePrice>0.03</UnitOfMeasurePrice>
      <AllowDiscount>1</AllowDiscount>
      <ItemStatus>2</ItemStatus>
    </Item>
    <Item>
      <PriceUpdateTime>2025-06-08T12:54:40.000</PriceUpdateTime>
      <ItemCode>7501035011304</ItemCode>
      <LastSaleDateTime>2025-10-06T00:00:00.000</LastSaleDateTime>
      <ItemType>1</ItemType>
      <ItemName>טקילה קוארבו אספסיאל</ItemName>
      <ManufactureName>לא ידוע</ManufactureName>
      <ManufactureCountry>לא ידוע</ManufactureCountry>
      <ManufactureItemDescription>טקילה קוארבו אספסיאל</ManufactureItemDescription>
      <UnitQty>מטרים</UnitQty>
      <Quantity>700.00</Quantity>
      <UnitOfMeasure>100 מ'ל</UnitOfMeasure>
      <bIsWeighted>0</bIsWeighted>
      <QtyInPackage>לא ידוע</QtyInPackage>
      <ItemPrice>89.90</ItemPrice>
      <UnitOfMeasurePrice>0.13</UnitOfMeasurePrice>
      <AllowDiscount>1</AllowDiscount>
      <ItemStatus>2</ItemStatus>
    </Item>
    <Item>
      <PriceUpdateTime>2025-06-08T12:55:09.000</PriceUpdateTime>
      <ItemCode>5010327000046</ItemCode>
      <LastSaleDateTime>2026-01-29T15:43:28.000</LastSaleDateTime>
      <ItemType>1</ItemType>
      <ItemName>גרנטס וויסקי 700 ס"ל</ItemName>
      <ManufactureName>ויליאם גרנט</ManufactureName>
      <ManufactureCountry>לא ידוע</ManufactureCountry>
      <ManufactureItemDescription>גרנט'ס וויסקי 70 ס"ל</ManufactureItemDescription>
      <UnitQty>לא ידוע</UnitQty>
      <Quantity>700.00</Quantity>
      <UnitOfMeasure>100 מ"ל</UnitOfMeasure>
      <bIsWeighted>0</bIsWeighted>
      <QtyInPackage>לא ידוע</QtyInPackage>
      <ItemPrice>84.90</ItemPrice>
      <UnitOfMeasurePrice>0.12</UnitOfMeasurePrice>
      <AllowDiscount>1</AllowDiscount>
      <ItemStatus/>
    </Item>
    <Item>
      <PriceUpdateTime>2025-06-08T12:55:09.000</PriceUpdateTime>
      <ItemCode>5011026108033</ItemCode>
      <LastSaleDateTime>2025-12-03T00:00:00.000</LastSaleDateTime>
      <ItemType>1</ItemType>
      <ItemName>טולמור דיו וויסקי אי</ItemName>
      <ManufactureName>לא ידוע</ManufactureName>
      <ManufactureCountry>לא ידוע</ManufactureCountry>
      <ManufactureItemDescription>טולמור דיו וויסקי אי</ManufactureItemDescription>
      <UnitQty>לא ידוע</UnitQty>
      <Quantity>700.00</Quantity>
      <UnitOfMeasure>100 מ"ל</UnitOfMeasure>
      <bIsWeighted>0</bIsWeighted>
      <QtyInPackage>לא ידוע</QtyInPackage>
      <ItemPrice>104.90</ItemPrice>
      <UnitOfMeasurePrice>0.15</UnitOfMeasurePrice>
      <AllowDiscount>1</AllowDiscount>
      <ItemStatus/>
    </Item>
    <Item>
      <PriceUpdateTime>2025-06-08T12:55:09.000</PriceUpdateTime>
      <ItemCode>6440003100095</ItemCode>
      <LastSaleDateTime>2026-01-26T13:02:22.000</LastSaleDateTime>
      <ItemType>1</ItemType>
      <ItemName>וודקה פינלנדיה 700מל</ItemName>
      <ManufactureName>לא ידוע</ManufactureName>
      <ManufactureCountry>לא ידוע</ManufactureCountry>
      <ManufactureItemDescription>וודקה פינלנדיה 700מל</ManufactureItemDescription>
      <UnitQty>מטרים</UnitQty>
      <Quantity>700.00</Quantity>
      <UnitOfMeasure>100 מ'ל</UnitOfMeasure>
      <bIsWeighted>0</bIsWeighted>
      <QtyInPackage>לא ידוע</QtyInPackage>
      <ItemPrice>74.90</ItemPrice>
      <UnitOfMeasurePrice>0.11</UnitOfMeasurePrice>
      <AllowDiscount>1</AllowDiscount>
      <ItemStatus/>
    </Item>
    <Item>
      <PriceUpdateTime>2025-06-09T11:57:09.000</PriceUpdateTime>
      <ItemCode>5000277001019</ItemCode>
      <LastSaleDateTime>2026-01-26T16:57:24.000</LastSaleDateTime>
      <ItemType>1</ItemType>
      <ItemName>וויסקי דיוארס וויט ל</ItemName>
      <ManufactureName>לא ידוע</ManufactureName>
      <ManufactureCountry>לא ידוע</ManufactureCountry>
      <ManufactureItemDescription>וויסקי דיוארס וויט ל</ManufactureItemDescription>
      <UnitQty>לא ידוע</UnitQty>
      <Quantity>700.00</Quantity>
      <UnitOfMeasure>100 מ"ל</UnitOfMeasure>
      <bIsWeighted>0</bIsWeighted>
      <QtyInPackage>לא ידוע</QtyInPackage>
      <ItemPrice>89.90</ItemPrice>
      <UnitOfMeasurePrice>0.13</UnitOfMeasurePrice>
      <AllowDiscount>1</AllowDiscount>
      <ItemStatus/>
    </Item>
    <Item>
      <PriceUpdateTime>2025-06-09T11:57:10.000</PriceUpdateTime>
      <ItemCode>7290001594568</ItemCode>
      <LastSaleDateTime>2026-01-28T21:55:33.000</LastSaleDateTime>
      <ItemType>1</ItemType>
      <ItemName>בירה בפחית קרלסברג 5</ItemName>
      <ManufactureName>קוקה קולה</ManufactureName>
      <ManufactureCountry>לא ידוע</ManufactureCountry>
      <ManufactureItemDescription>בירה בפחית קרלסברג 5</ManufactureItemDescription>
      <UnitQty>לא ידוע</UnitQty>
      <Quantity>500.00</Quantity>
      <UnitOfMeasure>100 מ"ל</UnitOfMeasure>
      <bIsWeighted>0</bIsWeighted>
      <QtyInPackage>לא ידוע</QtyInPackage>
      <ItemPrice>8.90</ItemPrice>
      <UnitOfMeasurePrice>0.02</UnitOfMeasurePrice>
      <AllowDiscount>1</AllowDiscount>
      <ItemStatus/>
    </Item>
    <Item>
      <PriceUpdateTime>2025-06-09T11:57:10.000</PriceUpdateTime>
      <ItemCode>7290001594575</ItemCode>
      <LastSaleDateTime>2026-01-13T19:49:42.000</LastSaleDateTime>
      <ItemType>1</ItemType>
      <ItemName>בירה טובורג בפחית 50</ItemName>
      <ManufactureName>טובורג</ManufactureName>
      <ManufactureCountry>לא ידוע</ManufactureCountry>
      <ManufactureItemDescription>בירה טובורג בפחית 50</ManufactureItemDescription>
      <UnitQty>לא ידוע</UnitQty>
      <Quantity>500.00</Quantity>
      <UnitOfMeasure>100 מ"ל</UnitOfMeasure>
      <bIsWeighted>0</bIsWeighted>
      <QtyInPackage>לא ידוע</QtyInPackage>
      <ItemPrice>8.90</ItemPrice>
      <UnitOfMeasurePrice>0.02</UnitOfMeasurePrice>
      <AllowDiscount>1</AllowDiscount>
      <ItemStatus/>
    </Item>
    <Item>
      <PriceUpdateTime>2025-06-09T11:57:13.000</PriceUpdateTime>
      <ItemCode>7290019398257</ItemCode>
      <LastSaleDateTime>2026-01-26T20:19:51.000</LastSaleDateTime>
      <ItemType>1</ItemType>
      <ItemName>בירה הוגארדן בקבוק 6</ItemName>
      <ManufactureName>לא ידוע</ManufactureName>
      <ManufactureCountry>לא ידוע</ManufactureCountry>
      <ManufactureItemDescription>בירה הוגארדן בקבוק 6</ManufactureItemDescription>
      <UnitQty>ליטר</UnitQty>
      <Quantity>1.98</Quantity>
      <UnitOfMeasure>ליטר    </UnitOfMeasure>
      <bIsWeighted>0</bIsWeighted>
      <QtyInPackage>לא ידוע</QtyInPackage>
      <ItemPrice>39.90</ItemPrice>
      <UnitOfMeasurePrice>20.15</UnitOfMeasurePrice>
      <AllowDiscount>1</AllowDiscount>
      <ItemStatus/>
    </Item>
    <Item>
      <PriceUpdateTime>2025-06-09T14:54:42.000</PriceUpdateTime>
      <ItemCode>5035766060253</ItemCode>
      <LastSaleDateTime>2015-01-01T00:00:00.000</LastSaleDateTime>
      <ItemType>1</ItemType>
      <ItemName>מרפיס 500מל פחית</ItemName>
      <ManufactureName>טמפו</ManufactureName>
      <ManufactureCountry>אירלנד</ManufactureCountry>
      <ManufactureItemDescription>מרפיס 500 פחית 24 יח'</ManufactureItemDescription>
      <UnitQty>לא ידוע</UnitQty>
      <Quantity>500.00</Quantity>
      <UnitOfMeasure>100 מ"ל</UnitOfMeasure>
      <bIsWeighted>0</bIsWeighted>
      <QtyInPackage>לא ידוע</QtyInPackage>
      <ItemPrice>15.90</ItemPrice>
      <UnitOfMeasurePrice>0.03</UnitOfMeasurePrice>
      <AllowDiscount>1</AllowDiscount>
      <ItemStatus>2</ItemStatus>
    </Item>
    <Item>
      <PriceUpdateTime>2025-06-09T14:54:42.000</PriceUpdateTime>
      <ItemCode>7290000024202</ItemCode>
      <LastSaleDateTime>2025-11-21T00:00:00.000</LastSaleDateTime>
      <ItemType>1</ItemType>
      <ItemName>רזרב קברנה סוביניון</ItemName>
      <ManufactureName>טמפו</ManufactureName>
      <ManufactureCountry>ישראל</ManufactureCountry>
      <ManufactureItemDescription>רזרב קברנה סוביניון 750 מ</ManufactureItemDescription>
      <UnitQty>לא ידוע</UnitQty>
      <Quantity>750.00</Quantity>
      <UnitOfMeasure>100 מ"ל</UnitOfMeasure>
      <bIsWeighted>0</bIsWeighted>
      <QtyInPackage>לא ידוע</QtyInPackage>
      <ItemPrice>44.90</ItemPrice>
      <UnitOfMeasurePrice>0.06</UnitOfMeasurePrice>
      <AllowDiscount>1</AllowDiscount>
      <ItemStatus/>
    </Item>
    <Item>
      <PriceUpdateTime>2025-06-09T14:54:42.000</PriceUpdateTime>
      <ItemCode>7290000024264</ItemCode>
      <LastSaleDateTime>2025-07-25T00:00:00.000</LastSaleDateTime>
      <ItemType>1</ItemType>
      <ItemName>רזרב מרלו 750 מ"ל 20</ItemName>
      <ManufactureName>טמפו</ManufactureName>
      <ManufactureCountry>ישראל</ManufactureCountry>
      <ManufactureItemDescription>רזרב מרלו 750 מ"ל 2010</ManufactureItemDescription>
      <UnitQty>לא ידוע</UnitQty>
      <Quantity>750.00</Quantity>
      <UnitOfMeasure>100 מ"ל</UnitOfMeasure>
      <bIsWeighted>0</bIsWeighted>
      <QtyInPackage>לא ידוע</QtyInPackage>
      <ItemPrice>44.90</ItemPrice>
      <UnitOfMeasurePrice>0.06</UnitOfMeasurePrice>
      <AllowDiscount>1</AllowDiscount>
      <ItemStatus>2</ItemStatus>
    </Item>
    <Item>
      <PriceUpdateTime>2025-06-09T14:54:42.000</PriceUpdateTime>
      <ItemCode>7290000521404</ItemCode>
      <LastSaleDateTime>2025-11-14T00:00:00.000</LastSaleDateTime>
      <ItemType>1</ItemType>
      <ItemName>מרום גליל קברנה סובי</ItemName>
      <ManufactureName>טמפו</ManufactureName>
      <ManufactureCountry>ישראל</ManufactureCountry>
      <ManufactureItemDescription>מרום גליל קברנה סוביניון</ManufactureItemDescription>
      <UnitQty>לא ידוע</UnitQty>
      <Quantity>750.00</Quantity>
      <UnitOfMeasure>100 מ"ל</UnitOfMeasure>
      <bIsWeighted>0</bIsWeighted>
      <QtyInPackage>לא ידוע</QtyInPackage>
      <ItemPrice>39.90</ItemPrice>
      <UnitOfMeasurePrice>0.05</UnitOfMeasurePrice>
      <AllowDiscount>1</AllowDiscount>
      <ItemStatus/>
    </Item>
    <Item>
      <PriceUpdateTime>2025-06-09T14:54:42.000</PriceUpdateTime>
      <ItemCode>7290000521411</ItemCode>
      <LastSaleDateTime>2015-01-01T00:00:00.000</LastSaleDateTime>
      <ItemType>1</ItemType>
      <ItemName>מרום גליל מרלו סינגל</ItemName>
      <ManufactureName>טמפו</ManufactureName>
      <ManufactureCountry>ישראל</ManufactureCountry>
      <ManufactureItemDescription>מרום גליל מרלו סינגל 750</ManufactureItemDescription>
      <UnitQty>לא ידוע</UnitQty>
      <Quantity>750.00</Quantity>
      <UnitOfMeasure>100 מ"ל</UnitOfMeasure>
      <bIsWeighted>0</bIsWeighted>
      <QtyInPackage>לא ידוע</QtyInPackage>
      <ItemPrice>39.90</ItemPrice>
      <UnitOfMeasurePrice>0.05</UnitOfMeasurePrice>
      <AllowDiscount>1</AllowDiscount>
      <ItemStatus>2</ItemStatus>
    </Item>
    <Item>
      <PriceUpdateTime>2025-06-09T14:54:42.000</PriceUpdateTime>
      <ItemCode>7290006764072</ItemCode>
      <LastSaleDateTime>2025-08-28T00:00:00.000</LastSaleDateTime>
      <ItemType>1</ItemType>
      <ItemName>בירה גולדסטאר 500 בק</ItemName>
      <ManufactureName>טמפו</ManufactureName>
      <ManufactureCountry>ישראל</ManufactureCountry>
      <ManufactureItemDescription>גולדסטאר חוזר 500 בקבוק 2</ManufactureItemDescription>
      <UnitQty>לא ידוע</UnitQty>
      <Quantity>500.00</Quantity>
      <UnitOfMeasure>100 מ"ל</UnitOfMeasure>
      <bIsWeighted>0</bIsWeighted>
      <QtyInPackage>לא ידוע</QtyInPackage>
      <ItemPrice>7.90</ItemPrice>
      <UnitOfMeasurePrice>0.02</UnitOfMeasurePrice>
      <AllowDiscount>1</AllowDiscount>
      <ItemStatus>2</ItemStatus>
    </Item>
    <Item>
      <PriceUpdateTime>2025-06-09T14:54:42.000</PriceUpdateTime>
      <ItemCode>7290008464222</ItemCode>
      <LastSaleDateTime>2026-01-20T19:10:06.000</LastSaleDateTime>
      <ItemType>1</ItemType>
      <ItemName>בירה מכבי 7.9 פחית 5</ItemName>
      <ManufactureName>מכבי</ManufactureName>
      <ManufactureCountry>לא ידוע</ManufactureCountry>
      <ManufactureItemDescription>בירה מכבי 7.9 פחית 5</ManufactureItemDescription>
      <UnitQty>לא ידוע</UnitQty>
      <Quantity>500.00</Quantity>
      <UnitOfMeasure>100 מ"ל</UnitOfMeasure>
      <bIsWeighted>0</bIsWeighted>
      <QtyInPackage>לא ידוע</QtyInPackage>
      <ItemPrice>7.90</ItemPrice>
      <UnitOfMeasurePrice>0.02</UnitOfMeasurePrice>
      <AllowDiscount>1</AllowDiscount>
      <ItemStatus/>
    </Item>
    <Item>
      <PriceUpdateTime>2025-06-09T14:54:42.000</PriceUpdateTime>
      <ItemCode>7290008464468</ItemCode>
      <LastSaleDateTime>2026-01-23T09:01:43.000</LastSaleDateTime>
      <ItemType>1</ItemType>
      <ItemName>בירה גולדסטאר 500 פח</ItemName>
      <ManufactureName>טמפו</ManufactureName>
      <ManufactureCountry>ישראל</ManufactureCountry>
      <ManufactureItemDescription>גולדסטאר 500 פחית 24 יח'</ManufactureItemDescription>
      <UnitQty>לא ידוע</UnitQty>
      <Quantity>500.00</Quantity>
      <UnitOfMeasure>100 מ"ל</UnitOfMeasure>
      <bIsWeighted>0</bIsWeighted>
      <QtyInPackage>לא ידוע</QtyInPackage>
      <ItemPrice>7.90</ItemPrice>
      <UnitOfMeasurePrice>0.02</UnitOfMeasurePrice>
      <AllowDiscount>1</AllowDiscount>
      <ItemStatus/>
    </Item>
    <Item>
      <PriceUpdateTime>2025-06-09T14:54:43.000</PriceUpdateTime>
      <ItemCode>7290010237890</ItemCode>
      <LastSaleDateTime>2025-08-29T00:00:00.000</LastSaleDateTime>
      <ItemType>1</ItemType>
      <ItemName>בירה היינקן 500 בקבו</ItemName>
      <ManufactureName>טמפו</ManufactureName>
      <ManufactureCountry>ישראל</ManufactureCountry>
      <ManufactureItemDescription>היינקן חוזר 500 בקבוק 20</ManufactureItemDescription>
      <UnitQty>לא ידוע</UnitQty>
      <Quantity>500.00</Quantity>
      <UnitOfMeasure>100 מ"ל</UnitOfMeasure>
      <bIsWeighted>0</bIsWeighted>
      <QtyInPackage>לא ידוע</QtyInPackage>
      <ItemPrice>9.90</ItemPrice>
      <UnitOfMeasurePrice>0.02</UnitOfMeasurePrice>
      <AllowDiscount>1</AllowDiscount>
      <ItemStatus>2</ItemStatus>
    </Item>
    <Item>
      <PriceUpdateTime>2025-06-09T14:54:43.000</PriceUpdateTime>
      <ItemCode>7290012576591</ItemCode>
      <LastSaleDateTime>2015-01-01T00:00:00.000</LastSaleDateTime>
      <ItemType>1</ItemType>
      <ItemName>גוורצטרמינר רזרב 750</ItemName>
      <ManufactureName>טמפו</ManufactureName>
      <ManufactureCountry>ישראל</ManufactureCountry>
      <ManufactureItemDescription>גוורצטרמינר רזרב 750 מ"ל</ManufactureItemDescription>
      <UnitQty>לא ידוע</UnitQty>
      <Quantity>750.00</Quantity>
      <UnitOfMeasure>100 מ"ל</UnitOfMeasure>
      <bIsWeighted>0</bIsWeighted>
      <QtyInPackage>לא ידוע</QtyInPackage>
      <ItemPrice>44.90</ItemPrice>
      <UnitOfMeasurePrice>0.06</UnitOfMeasurePrice>
      <AllowDiscount>1</AllowDiscount>
      <ItemStatus>2</ItemStatus>
    </Item>
    <Item>
      <PriceUpdateTime>2025-06-09T14:54:43.000</PriceUpdateTime>
      <ItemCode>7290012576607</ItemCode>
      <LastSaleDateTime>2025-11-02T00:00:00.000</LastSaleDateTime>
      <ItemType>1</ItemType>
      <ItemName>פרמייר קברנה סוביניו</ItemName>
      <ManufactureName>טמפו</ManufactureName>
      <ManufactureCountry>ישראל</ManufactureCountry>
      <ManufactureItemDescription>פרמייר קברנה סוביניון אדו</ManufactureItemDescription>
      <UnitQty>לא ידוע</UnitQty>
      <Quantity>750.00</Quantity>
      <UnitOfMeasure>100 מ"ל</UnitOfMeasure>
      <bIsWeighted>0</bIsWeighted>
      <QtyInPackage>לא ידוע</QtyInPackage>
      <ItemPrice>27.90</ItemPrice>
      <UnitOfMeasurePrice>0.04</UnitOfMeasurePrice>
      <AllowDiscount>1</AllowDiscount>
      <ItemStatus/>
    </Item>
    <Item>
      <PriceUpdateTime>2025-06-09T14:54:43.000</PriceUpdateTime>
      <ItemCode>7290012576614</ItemCode>
      <LastSaleDateTime>2015-01-01T00:00:00.000</LastSaleDateTime>
      <ItemType>1</ItemType>
      <ItemName>פרמייר אמרלד ריזלינג</ItemName>
      <ManufactureName>טמפו</ManufactureName>
      <ManufactureCountry>ישראל</ManufactureCountry>
      <ManufactureItemDescription>פרמייר אמרלד ריזלינג לבן</ManufactureItemDescription>
      <UnitQty>לא ידוע</UnitQty>
      <Quantity>750.00</Quantity>
      <UnitOfMeasure>100 מ"ל</UnitOfMeasure>
      <bIsWeighted>0</bIsWeighted>
      <QtyInPackage>לא ידוע</QtyInPackage>
      <ItemPrice>27.90</ItemPrice>
      <UnitOfMeasurePrice>0.04</UnitOfMeasurePrice>
      <AllowDiscount>1</AllowDiscount>
      <ItemStatus>2</ItemStatus>
    </Item>
    <Item>
      <PriceUpdateTime>2025-06-09T14:54:43.000</PriceUpdateTime>
      <ItemCode>8410644611203</ItemCode>
      <LastSaleDateTime>2015-01-01T00:00:00.000</LastSaleDateTime>
      <ItemType>1</ItemType>
      <ItemName>קאווה איבריקה לבן יב</ItemName>
      <ManufactureName>טמפו</ManufactureName>
      <ManufactureCountry>ישראל</ManufactureCountry>
      <ManufactureItemDescription>קאווה איבריקה לבן יבש 750</ManufactureItemDescription>
      <UnitQty>לא ידוע</UnitQty>
      <Quantity>750.00</Quantity>
      <UnitOfMeasure>100 מ"ל</UnitOfMeasure>
      <bIsWeighted>0</bIsWeighted>
      <QtyInPackage>לא ידוע</QtyInPackage>
      <ItemPrice>35.90</ItemPrice>
      <UnitOfMeasurePrice>0.05</UnitOfMeasurePrice>
      <AllowDiscount>1</AllowDiscount>
      <ItemStatus>2</ItemStatus>
    </Item>
    <Item>
      <PriceUpdateTime>2025-06-09T14:54:43.000</PriceUpdateTime>
      <ItemCode>8410644611210</ItemCode>
      <LastSaleDateTime>2015-01-01T00:00:00.000</LastSaleDateTime>
      <ItemType>1</ItemType>
      <ItemName>קאווה איבריקה לבן חצ</ItemName>
      <ManufactureName>טמפו</ManufactureName>
      <ManufactureCountry>ישראל</ManufactureCountry>
      <ManufactureItemDescription>קאווה איבריקה לבן חצי יבש</ManufactureItemDescription>
      <UnitQty>לא ידוע</UnitQty>
      <Quantity>750.00</Quantity>
      <UnitOfMeasure>100 מ"ל</UnitOfMeasure>
      <bIsWeighted>0</bIsWeighted>
      <QtyInPackage>לא ידוע</QtyInPackage>
      <ItemPrice>35.90</ItemPrice>
      <UnitOfMeasurePrice>0.05</UnitOfMeasurePrice>
      <AllowDiscount>1</AllowDiscount>
      <ItemStatus>2</ItemStatus>
    </Item>
    <Item>
      <PriceUpdateTime>2025-06-12T15:15:20.000</PriceUpdateTime>
      <ItemCode>7290003208692</ItemCode>
      <LastSaleDateTime>2026-01-27T13:24:57.000</LastSaleDateTime>
      <ItemType>1</ItemType>
      <ItemName>ליקר בנדיקטין 750 מ"</ItemName>
      <ManufactureName>לא ידוע</ManufactureName>
      <ManufactureCountry>לא ידוע</ManufactureCountry>
      <ManufactureItemDescription>ליקר בנדיקטין 750 מ"</ManufactureItemDescription>
      <UnitQty>מטרים</UnitQty>
      <Quantity>750.00</Quantity>
      <UnitOfMeasure>100 מ'ל</UnitOfMeasure>
      <bIsWeighted>0</bIsWeighted>
      <QtyInPackage>לא ידוע</QtyInPackage>
      <ItemPrice>148.90</ItemPrice>
      <UnitOfMeasurePrice>0.20</UnitOfMeasurePrice>
      <AllowDiscount>1</AllowDiscount>
      <ItemStatus/>
    </Item>
    <Item>
      <PriceUpdateTime>2025-06-23T15:13:40.000</PriceUpdateTime>
      <ItemCode>681131129855</ItemCode>
      <LastSaleDateTime>2026-01-29T19:41:33.000</LastSaleDateTime>
      <ItemType>1</ItemType>
      <ItemName>שלוס קרון בירה 5% פח</ItemName>
      <ManufactureName>לא ידוע</ManufactureName>
      <ManufactureCountry>לא ידוע</ManufactureCountry>
      <ManufactureItemDescription>שלוס קרון בירה 5% פח</ManufactureItemDescription>
      <UnitQty>לא ידוע</UnitQty>
      <Quantity>500.00</Quantity>
      <UnitOfMeasure>100 מ"ל</UnitOfMeasure>
      <bIsWeighted>0</bIsWeighted>
      <QtyInPackage>לא ידוע</QtyInPackage>
      <ItemPrice>6.90</ItemPrice>
      <UnitOfMeasurePrice>0.01</UnitOfMeasurePrice>
      <AllowDiscount>1</AllowDiscount>
      <ItemStatus/>
    </Item>
    <Item>
      <PriceUpdateTime>2025-06-25T09:30:59.000</PriceUpdateTime>
      <ItemCode>7290001594520</ItemCode>
      <LastSaleDateTime>2026-01-27T18:11:08.000</LastSaleDateTime>
      <ItemType>1</ItemType>
      <ItemName>בירה טובורג בקבוק 33</ItemName>
      <ManufactureName>לא ידוע</ManufactureName>
      <ManufactureCountry>לא ידוע</ManufactureCountry>
      <ManufactureItemDescription>בירה טובורג בקבוק 33</ManufactureItemDescription>
      <UnitQty>לא ידוע</UnitQty>
      <Quantity>1.00</Quantity>
      <UnitOfMeasure>יח'</UnitOfMeasure>
      <bIsWeighted>0</bIsWeighted>
      <QtyInPackage>לא ידוע</QtyInPackage>
      <ItemPrice>7.90</ItemPrice>
      <UnitOfMeasurePrice>7.90</UnitOfMeasurePrice>
      <AllowDiscount>1</AllowDiscount>
      <ItemStatus/>
    </Item>
    <Item>
      <PriceUpdateTime>2025-06-25T11:06:10.000</PriceUpdateTime>
      <ItemCode>5201261201532</ItemCode>
      <LastSaleDateTime>2025-11-23T00:00:00.000</LastSaleDateTime>
      <ItemType>1</ItemType>
      <ItemName>בירה היינקן הולנד 50</ItemName>
      <ManufactureName>לא ידוע</ManufactureName>
      <ManufactureCountry>לא ידוע</ManufactureCountry>
      <ManufactureItemDescription>בירה היינקן הולנד 50</ManufactureItemDescription>
      <UnitQty>ליטר</UnitQty>
      <Quantity>2.00</Quantity>
      <UnitOfMeasure>ליטר    </UnitOfMeasure>
      <bIsWeighted>0</bIsWeighted>
      <QtyInPackage>לא ידוע</QtyInPackage>
      <ItemPrice>41.20</ItemPrice>
      <UnitOfMeasurePrice>20.60</UnitOfMeasurePrice>
      <AllowDiscount>1</AllowDiscount>
      <ItemStatus/>
    </Item>
    <Item>
      <PriceUpdateTime>2025-06-25T11:06:11.000</PriceUpdateTime>
      <ItemCode>7290002871361</ItemCode>
      <LastSaleDateTime>2025-08-22T00:00:00.000</LastSaleDateTime>
      <ItemType>1</ItemType>
      <ItemName>בירה קרלסברג 500 מ"ל</ItemName>
      <ManufactureName>החברה המרכזית</ManufactureName>
      <ManufactureCountry>לא ידוע</ManufactureCountry>
      <ManufactureItemDescription>בירה קרלסברג 500 מ"ל</ManufactureItemDescription>
      <UnitQty>לא ידוע</UnitQty>
      <Quantity>500.00</Quantity>
      <UnitOfMeasure>100 מ"ל</UnitOfMeasure>
      <bIsWeighted>0</bIsWeighted>
      <QtyInPackage>לא ידוע</QtyInPackage>
      <ItemPrice>8.30</ItemPrice>
      <UnitOfMeasurePrice>0.02</UnitOfMeasurePrice>
      <AllowDiscount>1</AllowDiscount>
      <ItemStatus>2</ItemStatus>
    </Item>
    <Item>
      <PriceUpdateTime>2025-06-25T11:06:12.000</PriceUpdateTime>
      <ItemCode>7290008464475</ItemCode>
      <LastSaleDateTime>2026-01-26T21:13:22.000</LastSaleDateTime>
      <ItemType>1</ItemType>
      <ItemName>בירה מכבי 500 פחית</ItemName>
      <ManufactureName>טמפו</ManufactureName>
      <ManufactureCountry>ישראל</ManufactureCountry>
      <ManufactureItemDescription>מכבי 500 פחית 24 יח'</ManufactureItemDescription>
      <UnitQty>לא ידוע</UnitQty>
      <Quantity>500.00</Quantity>
      <UnitOfMeasure>100 מ"ל</UnitOfMeasure>
      <bIsWeighted>0</bIsWeighted>
      <QtyInPackage>לא ידוע</QtyInPackage>
      <ItemPrice>7.50</ItemPrice>
      <UnitOfMeasurePrice>0.02</UnitOfMeasurePrice>
      <AllowDiscount>1</AllowDiscount>
      <ItemStatus/>
    </Item>
    <Item>
      <PriceUpdateTime>2025-06-29T15:22:55.000</PriceUpdateTime>
      <ItemCode>7501064191398</ItemCode>
      <LastSaleDateTime>2015-01-01T00:00:00.000</LastSaleDateTime>
      <ItemType>1</ItemType>
      <ItemName>בירה קורונה</ItemName>
      <ManufactureName>לא ידוע</ManufactureName>
      <ManufactureCountry>לא ידוע</ManufactureCountry>
      <ManufactureItemDescription>בירה קורונה</ManufactureItemDescription>
      <UnitQty>ליטר</UnitQty>
      <Quantity>2.13</Quantity>
      <UnitOfMeasure>ליטר    </UnitOfMeasure>
      <bIsWeighted>0</bIsWeighted>
      <QtyInPackage>לא ידוע</QtyInPackage>
      <ItemPrice>39.90</ItemPrice>
      <UnitOfMeasurePrice>18.73</UnitOfMeasurePrice>
      <AllowDiscount>1</AllowDiscount>
      <ItemStatus>2</ItemStatus>
    </Item>
    <Item>
      <PriceUpdateTime>2025-06-30T15:44:18.000</PriceUpdateTime>
      <ItemCode>7290000023007</ItemCode>
      <LastSaleDateTime>2026-01-29T14:00:01.000</LastSaleDateTime>
      <ItemType>1</ItemType>
      <ItemName>ברנדי שטוק 84 37 % 7</ItemName>
      <ManufactureName>טמפו</ManufactureName>
      <ManufactureCountry>ישראל</ManufactureCountry>
      <ManufactureItemDescription>ברנדי שטוק 84 37 % 750 מ"</ManufactureItemDescription>
      <UnitQty>לא ידוע</UnitQty>
      <Quantity>750.00</Quantity>
      <UnitOfMeasure>100 מ"ל</UnitOfMeasure>
      <bIsWeighted>0</bIsWeighted>
      <QtyInPackage>לא ידוע</QtyInPackage>
      <ItemPrice>79.50</ItemPrice>
      <UnitOfMeasurePrice>0.11</UnitOfMeasurePrice>
      <AllowDiscount>1</AllowDiscount>
      <ItemStatus/>
    </Item>
    <Item>
      <PriceUpdateTime>2025-07-01T11:51:55.000</PriceUpdateTime>
      <ItemCode>7290119772544</ItemCode>
      <LastSaleDateTime>2015-01-01T00:00:00.000</LastSaleDateTime>
      <ItemType>1</ItemType>
      <ItemName>שוופס קוקטייל לימונע</ItemName>
      <ManufactureName>לא ידוע</ManufactureName>
      <ManufactureCountry>לא ידוע</ManufactureCountry>
      <ManufactureItemDescription>שוופס קוקטייל לימונע</ManufactureItemDescription>
      <UnitQty>לא ידוע</UnitQty>
      <Quantity>280.00</Quantity>
      <UnitOfMeasure>100 מ"ל</UnitOfMeasure>
      <bIsWeighted>0</bIsWeighted>
      <QtyInPackage>לא ידוע</QtyInPackage>
      <ItemPrice>12.50</ItemPrice>
      <UnitOfMeasurePrice>0.04</UnitOfMeasurePrice>
      <AllowDiscount>1</AllowDiscount>
      <ItemStatus>2</ItemStatus>
    </Item>
    <Item>
      <PriceUpdateTime>2025-07-01T11:51:55.000</PriceUpdateTime>
      <ItemCode>7290119772698</ItemCode>
      <LastSaleDateTime>2015-01-01T00:00:00.000</LastSaleDateTime>
      <ItemType>1</ItemType>
      <ItemName>שוופס קוקטייל מוחיטו</ItemName>
      <ManufactureName>לא ידוע</ManufactureName>
      <ManufactureCountry>לא ידוע</ManufactureCountry>
      <ManufactureItemDescription>שוופס קוקטייל מוחיטו</ManufactureItemDescription>
      <UnitQty>לא ידוע</UnitQty>
      <Quantity>280.00</Quantity>
      <UnitOfMeasure>100 מ"ל</UnitOfMeasure>
      <bIsWeighted>0</bIsWeighted>
      <QtyInPackage>לא ידוע</QtyInPackage>
      <ItemPrice>12.50</ItemPrice>
      <UnitOfMeasurePrice>0.04</UnitOfMeasurePrice>
      <AllowDiscount>1</AllowDiscount>
      <ItemStatus>2</ItemStatus>
    </Item>
    <Item>
      <PriceUpdateTime>2025-07-01T11:51:55.000</PriceUpdateTime>
      <ItemCode>7290103681173</ItemCode>
      <LastSaleDateTime>2026-01-28T16:33:27.000</LastSaleDateTime>
      <ItemType>1</ItemType>
      <ItemName>תבור קברנה סוביניון</ItemName>
      <ManufactureName>לא ידוע</ManufactureName>
      <ManufactureCountry>לא ידוע</ManufactureCountry>
      <ManufactureItemDescription>תבור קברנה סוביניון</ManufactureItemDescription>
      <UnitQty>לא ידוע</UnitQty>
      <Quantity>750.00</Quantity>
      <UnitOfMeasure>100 מ"ל</UnitOfMeasure>
      <bIsWeighted>0</bIsWeighted>
      <QtyInPackage>לא ידוע</QtyInPackage>
      <ItemPrice>34.90</ItemPrice>
      <UnitOfMeasurePrice>0.05</UnitOfMeasurePrice>
      <AllowDiscount>1</AllowDiscount>
      <ItemStatus/>
    </Item>
    <Item>
      <PriceUpdateTime>2025-07-01T11:51:55.000</PriceUpdateTime>
      <ItemCode>7290103681210</ItemCode>
      <LastSaleDateTime>2025-08-20T00:00:00.000</LastSaleDateTime>
      <ItemType>1</ItemType>
      <ItemName>תבור שרדונה 750 מל</ItemName>
      <ManufactureName>לא ידוע</ManufactureName>
      <ManufactureCountry>לא ידוע</ManufactureCountry>
      <ManufactureItemDescription>תבור שרדונה 750 מל</ManufactureItemDescription>
      <UnitQty>לא ידוע</UnitQty>
      <Quantity>750.00</Quantity>
      <UnitOfMeasure>100 מ"ל</UnitOfMeasure>
      <bIsWeighted>0</bIsWeighted>
      <QtyInPackage>לא ידוע</QtyInPackage>
      <ItemPrice>34.90</ItemPrice>
      <UnitOfMeasurePrice>0.05</UnitOfMeasurePrice>
      <AllowDiscount>1</AllowDiscount>
      <ItemStatus>2</ItemStatus>
    </Item>
    <Item>
      <PriceUpdateTime>2025-07-02T14:58:21.000</PriceUpdateTime>
      <ItemCode>7290006764157</ItemCode>
      <LastSaleDateTime>2025-09-02T00:00:00.000</LastSaleDateTime>
      <ItemType>1</ItemType>
      <ItemName>בירה גולדסטאר לא מסו</ItemName>
      <ManufactureName>לא ידוע</ManufactureName>
      <ManufactureCountry>לא ידוע</ManufactureCountry>
      <ManufactureItemDescription>בירה גולדסטאר לא מסו</ManufactureItemDescription>
      <UnitQty>לא ידוע</UnitQty>
      <Quantity>500.00</Quantity>
      <UnitOfMeasure>100 מ"ל</UnitOfMeasure>
      <bIsWeighted>0</bIsWeighted>
      <QtyInPackage>לא ידוע</QtyInPackage>
      <ItemPrice>8.40</ItemPrice>
      <UnitOfMeasurePrice>0.02</UnitOfMeasurePrice>
      <AllowDiscount>1</AllowDiscount>
      <ItemStatus>2</ItemStatus>
    </Item>
    <Item>
      <PriceUpdateTime>2025-07-02T14:58:21.000</PriceUpdateTime>
      <ItemCode>7290002404583</ItemCode>
      <LastSaleDateTime>2026-01-29T20:00:05.000</LastSaleDateTime>
      <ItemType>1</ItemType>
      <ItemName>קברנה 750 מנ"ל</ItemName>
      <ManufactureName>יקבי ארזה</ManufactureName>
      <ManufactureCountry>ישראל</ManufactureCountry>
      <ManufactureItemDescription>קברנה 750 מנ"ל</ManufactureItemDescription>
      <UnitQty>לא ידוע</UnitQty>
      <Quantity>750.00</Quantity>
      <UnitOfMeasure>100 מ"ל</UnitOfMeasure>
      <bIsWeighted>0</bIsWeighted>
      <QtyInPackage>לא ידוע</QtyInPackage>
      <ItemPrice>34.90</ItemPrice>
      <UnitOfMeasurePrice>0.05</UnitOfMeasurePrice>
      <AllowDiscount>1</AllowDiscount>
      <ItemStatus/>
    </Item>
    <Item>
      <PriceUpdateTime>2025-07-02T14:58:21.000</PriceUpdateTime>
      <ItemCode>7290002404590</ItemCode>
      <LastSaleDateTime>2026-01-23T08:30:28.000</LastSaleDateTime>
      <ItemType>1</ItemType>
      <ItemName>היוצר בראשית מרלו</ItemName>
      <ManufactureName>יקבי ארזה</ManufactureName>
      <ManufactureCountry>ישראל</ManufactureCountry>
      <ManufactureItemDescription>היוצר בראשית מרלו</ManufactureItemDescription>
      <UnitQty>לא ידוע</UnitQty>
      <Quantity>750.00</Quantity>
      <UnitOfMeasure>100 מ"ל</UnitOfMeasure>
      <bIsWeighted>0</bIsWeighted>
      <QtyInPackage>לא ידוע</QtyInPackage>
      <ItemPrice>34.90</ItemPrice>
      <UnitOfMeasurePrice>0.05</UnitOfMeasurePrice>
      <AllowDiscount>1</AllowDiscount>
      <ItemStatus/>
    </Item>
    <Item>
      <PriceUpdateTime>2025-07-02T14:58:21.000</PriceUpdateTime>
      <ItemCode>7290002404606</ItemCode>
      <LastSaleDateTime>2025-10-30T00:00:00.000</LastSaleDateTime>
      <ItemType>1</ItemType>
      <ItemName>היוצר בראשית שירז</ItemName>
      <ManufactureName>לא ידוע</ManufactureName>
      <ManufactureCountry>לא ידוע</ManufactureCountry>
      <ManufactureItemDescription>היוצר בראשית שירז</ManufactureItemDescription>
      <UnitQty>לא ידוע</UnitQty>
      <Quantity>750.00</Quantity>
      <UnitOfMeasure>100 מ"ל</UnitOfMeasure>
      <bIsWeighted>0</bIsWeighted>
      <QtyInPackage>לא ידוע</QtyInPackage>
      <ItemPrice>34.90</ItemPrice>
      <UnitOfMeasurePrice>0.05</UnitOfMeasurePrice>
      <AllowDiscount>1</AllowDiscount>
      <ItemStatus>2</ItemStatus>
    </Item>
    <Item>
      <PriceUpdateTime>2025-07-02T14:58:21.000</PriceUpdateTime>
      <ItemCode>7290002404712</ItemCode>
      <LastSaleDateTime>2015-01-01T00:00:00.000</LastSaleDateTime>
      <ItemType>1</ItemType>
      <ItemName>היוצר בראשית סוביניו</ItemName>
      <ManufactureName>יקבי ארזה</ManufactureName>
      <ManufactureCountry>לא ידוע</ManufactureCountry>
      <ManufactureItemDescription>היוצר בראשית סוביניו</ManufactureItemDescription>
      <UnitQty>לא ידוע</UnitQty>
      <Quantity>750.00</Quantity>
      <UnitOfMeasure>100 מ"ל</UnitOfMeasure>
      <bIsWeighted>0</bIsWeighted>
      <QtyInPackage>לא ידוע</QtyInPackage>
      <ItemPrice>34.90</ItemPrice>
      <UnitOfMeasurePrice>0.05</UnitOfMeasurePrice>
      <AllowDiscount>1</AllowDiscount>
      <ItemStatus>2</ItemStatus>
    </Item>
    <Item>
      <PriceUpdateTime>2025-07-02T14:58:21.000</PriceUpdateTime>
      <ItemCode>7290016693300</ItemCode>
      <LastSaleDateTime>2025-10-13T00:00:00.000</LastSaleDateTime>
      <ItemType>1</ItemType>
      <ItemName>שרדונה 750 מל היוצר</ItemName>
      <ManufactureName>לא ידוע</ManufactureName>
      <ManufactureCountry>לא ידוע</ManufactureCountry>
      <ManufactureItemDescription>שרדונה 750 מל היוצר</ManufactureItemDescription>
      <UnitQty>לא ידוע</UnitQty>
      <Quantity>750.00</Quantity>
      <UnitOfMeasure>100 מ"ל</UnitOfMeasure>
      <bIsWeighted>0</bIsWeighted>
      <QtyInPackage>לא ידוע</QtyInPackage>
      <ItemPrice>34.90</ItemPrice>
      <UnitOfMeasurePrice>0.05</UnitOfMeasurePrice>
      <AllowDiscount>1</AllowDiscount>
      <ItemStatus>2</ItemStatus>
    </Item>
    <Item>
      <PriceUpdateTime>2025-07-02T14:58:21.000</PriceUpdateTime>
      <ItemCode>5601996208910</ItemCode>
      <LastSaleDateTime>2026-01-01T18:49:06.000</LastSaleDateTime>
      <ItemType>1</ItemType>
      <ItemName>יין פורטה 6 לבן 750</ItemName>
      <ManufactureName>לא ידוע</ManufactureName>
      <ManufactureCountry>לא ידוע</ManufactureCountry>
      <ManufactureItemDescription>יין פורטה 6 לבן 750</ManufactureItemDescription>
      <UnitQty>מטרים</UnitQty>
      <Quantity>750.00</Quantity>
      <UnitOfMeasure>100 מ'ל</UnitOfMeasure>
      <bIsWeighted>0</bIsWeighted>
      <QtyInPackage>לא ידוע</QtyInPackage>
      <ItemPrice>49.90</ItemPrice>
      <UnitOfMeasurePrice>0.07</UnitOfMeasurePrice>
      <AllowDiscount>1</AllowDiscount>
      <ItemStatus/>
    </Item>
    <Item>
      <PriceUpdateTime>2025-07-02T14:58:22.000</PriceUpdateTime>
      <ItemCode>7290016693898</ItemCode>
      <LastSaleDateTime>2025-10-13T00:00:00.000</LastSaleDateTime>
      <ItemType>1</ItemType>
      <ItemName>יין פטי ורדו בראשית</ItemName>
      <ManufactureName>לא ידוע</ManufactureName>
      <ManufactureCountry>לא ידוע</ManufactureCountry>
      <ManufactureItemDescription>יין פטי ורדו בראשית</ManufactureItemDescription>
      <UnitQty>לא ידוע</UnitQty>
      <Quantity>750.00</Quantity>
      <UnitOfMeasure>100 מ"ל</UnitOfMeasure>
      <bIsWeighted>0</bIsWeighted>
      <QtyInPackage>לא ידוע</QtyInPackage>
      <ItemPrice>34.90</ItemPrice>
      <UnitOfMeasurePrice>0.05</UnitOfMeasurePrice>
      <AllowDiscount>1</AllowDiscount>
      <ItemStatus>2</ItemStatus>
    </Item>
    <Item>
      <PriceUpdateTime>2025-07-02T14:58:22.000</PriceUpdateTime>
      <ItemCode>7290016693959</ItemCode>
      <LastSaleDateTime>2025-10-10T00:00:00.000</LastSaleDateTime>
      <ItemType>1</ItemType>
      <ItemName>בראשית קברנה סובניון</ItemName>
      <ManufactureName>לא ידוע</ManufactureName>
      <ManufactureCountry>לא ידוע</ManufactureCountry>
      <ManufactureItemDescription>בראשית קברנה סובניון</ManufactureItemDescription>
      <UnitQty>לא ידוע</UnitQty>
      <Quantity>750.00</Quantity>
      <UnitOfMeasure>100 מ"ל</UnitOfMeasure>
      <bIsWeighted>0</bIsWeighted>
      <QtyInPackage>לא ידוע</QtyInPackage>
      <ItemPrice>34.90</ItemPrice>
      <UnitOfMeasurePrice>0.05</UnitOfMeasurePrice>
      <AllowDiscount>1</AllowDiscount>
      <ItemStatus>2</ItemStatus>
    </Item>
    <Item>
      <PriceUpdateTime>2025-07-02T14:58:22.000</PriceUpdateTime>
      <ItemCode>7290103681180</ItemCode>
      <LastSaleDateTime>2015-01-01T00:00:00.000</LastSaleDateTime>
      <ItemType>1</ItemType>
      <ItemName>תבור מרלו 750 מל</ItemName>
      <ManufactureName>לא ידוע</ManufactureName>
      <ManufactureCountry>לא ידוע</ManufactureCountry>
      <ManufactureItemDescription>תבור מרלו 750 מל</ManufactureItemDescription>
      <UnitQty>לא ידוע</UnitQty>
      <Quantity>750.00</Quantity>
      <UnitOfMeasure>100 מ"ל</UnitOfMeasure>
      <bIsWeighted>0</bIsWeighted>
      <QtyInPackage>לא ידוע</QtyInPackage>
      <ItemPrice>34.90</ItemPrice>
      <UnitOfMeasurePrice>0.05</UnitOfMeasurePrice>
      <AllowDiscount>1</AllowDiscount>
      <ItemStatus>2</ItemStatus>
    </Item>
    <Item>
      <PriceUpdateTime>2025-07-02T14:58:22.000</PriceUpdateTime>
      <ItemCode>7290103681197</ItemCode>
      <LastSaleDateTime>2015-01-01T00:00:00.000</LastSaleDateTime>
      <ItemType>1</ItemType>
      <ItemName>יין הר תבור שיראז 75</ItemName>
      <ManufactureName>לא ידוע</ManufactureName>
      <ManufactureCountry>לא ידוע</ManufactureCountry>
      <ManufactureItemDescription>יין הר תבור שיראז 75</ManufactureItemDescription>
      <UnitQty>לא ידוע</UnitQty>
      <Quantity>750.00</Quantity>
      <UnitOfMeasure>100 מ"ל</UnitOfMeasure>
      <bIsWeighted>0</bIsWeighted>
      <QtyInPackage>לא ידוע</QtyInPackage>
      <ItemPrice>34.90</ItemPrice>
      <UnitOfMeasurePrice>0.05</UnitOfMeasurePrice>
      <AllowDiscount>1</AllowDiscount>
      <ItemStatus>2</ItemStatus>
    </Item>
    <Item>
      <PriceUpdateTime>2025-07-02T14:58:22.000</PriceUpdateTime>
      <ItemCode>7290103681227</ItemCode>
      <LastSaleDateTime>2026-01-14T18:40:27.000</LastSaleDateTime>
      <ItemType>1</ItemType>
      <ItemName>תבור גוורצטרמינר 750</ItemName>
      <ManufactureName>לא ידוע</ManufactureName>
      <ManufactureCountry>לא ידוע</ManufactureCountry>
      <ManufactureItemDescription>תבור גוורצטרמינר 750</ManufactureItemDescription>
      <UnitQty>לא ידוע</UnitQty>
      <Quantity>750.00</Quantity>
      <UnitOfMeasure>100 מ"ל</UnitOfMeasure>
      <bIsWeighted>0</bIsWeighted>
      <QtyInPackage>לא ידוע</QtyInPackage>
      <ItemPrice>34.90</ItemPrice>
      <UnitOfMeasurePrice>0.05</UnitOfMeasurePrice>
      <AllowDiscount>1</AllowDiscount>
      <ItemStatus/>
    </Item>
    <Item>
      <PriceUpdateTime>2025-07-02T14:58:22.000</PriceUpdateTime>
      <ItemCode>7290103681234</ItemCode>
      <LastSaleDateTime>2015-01-01T00:00:00.000</LastSaleDateTime>
      <ItemType>1</ItemType>
      <ItemName>תבור רוזה 750 מל</ItemName>
      <ManufactureName>לא ידוע</ManufactureName>
      <ManufactureCountry>לא ידוע</ManufactureCountry>
      <ManufactureItemDescription>תבור רוזה 750 מל</ManufactureItemDescription>
      <UnitQty>100 מל</UnitQty>
      <Quantity>750.00</Quantity>
      <UnitOfMeasure>100 מל</UnitOfMeasure>
      <bIsWeighted>0</bIsWeighted>
      <QtyInPackage>לא ידוע</QtyInPackage>
      <ItemPrice>34.90</ItemPrice>
      <UnitOfMeasurePrice>0.05</UnitOfMeasurePrice>
      <AllowDiscount>1</AllowDiscount>
      <ItemStatus>2</ItemStatus>
    </Item>
    <Item>
      <PriceUpdateTime>2025-07-02T14:59:14.000</PriceUpdateTime>
      <ItemCode>5601996208811</ItemCode>
      <LastSaleDateTime>2025-12-19T00:00:00.000</LastSaleDateTime>
      <ItemType>1</ItemType>
      <ItemName>יין פורטה 6 אדום 750</ItemName>
      <ManufactureName>לא ידוע</ManufactureName>
      <ManufactureCountry>לא ידוע</ManufactureCountry>
      <ManufactureItemDescription>יין פורטה 6 אדום 750</ManufactureItemDescription>
      <UnitQty>מטרים</UnitQty>
      <Quantity>750.00</Quantity>
      <UnitOfMeasure>100 מ'ל</UnitOfMeasure>
      <bIsWeighted>0</bIsWeighted>
      <QtyInPackage>לא ידוע</QtyInPackage>
      <ItemPrice>49.90</ItemPrice>
      <UnitOfMeasurePrice>0.07</UnitOfMeasurePrice>
      <AllowDiscount>1</AllowDiscount>
      <ItemStatus/>
    </Item>
    <Item>
      <PriceUpdateTime>2025-07-02T14:59:17.000</PriceUpdateTime>
      <ItemCode>5601996209016</ItemCode>
      <LastSaleDateTime>2025-12-14T00:00:00.000</LastSaleDateTime>
      <ItemType>1</ItemType>
      <ItemName>יין פורטה 6 רוזה 750</ItemName>
      <ManufactureName>לא ידוע</ManufactureName>
      <ManufactureCountry>לא ידוע</ManufactureCountry>
      <ManufactureItemDescription>יין פורטה 6 רוזה 750</ManufactureItemDescription>
      <UnitQty>מטרים</UnitQty>
      <Quantity>750.00</Quantity>
      <UnitOfMeasure>100 מ'ל</UnitOfMeasure>
      <bIsWeighted>0</bIsWeighted>
      <QtyInPackage>לא ידוע</QtyInPackage>
      <ItemPrice>49.90</ItemPrice>
      <UnitOfMeasurePrice>0.07</UnitOfMeasurePrice>
      <AllowDiscount>1</AllowDiscount>
      <ItemStatus/>
    </Item>
    <Item>
      <PriceUpdateTime>2025-07-02T14:59:21.000</PriceUpdateTime>
      <ItemCode>5601996300287</ItemCode>
      <LastSaleDateTime>2026-01-23T13:50:01.000</LastSaleDateTime>
      <ItemType>1</ItemType>
      <ItemName>יין פורטה 6 וינו ורד</ItemName>
      <ManufactureName>לא ידוע</ManufactureName>
      <ManufactureCountry>לא ידוע</ManufactureCountry>
      <ManufactureItemDescription>יין פורטה 6 וינו ורד</ManufactureItemDescription>
      <UnitQty>מטרים</UnitQty>
      <Quantity>750.00</Quantity>
      <UnitOfMeasure>100 מ'ל</UnitOfMeasure>
      <bIsWeighted>0</bIsWeighted>
      <QtyInPackage>לא ידוע</QtyInPackage>
      <ItemPrice>49.90</ItemPrice>
      <UnitOfMeasurePrice>0.07</UnitOfMeasurePrice>
      <AllowDiscount>1</AllowDiscount>
      <ItemStatus/>
    </Item>
    <Item>
      <PriceUpdateTime>2025-07-06T15:16:06.000</PriceUpdateTime>
      <ItemCode>5055966800220</ItemCode>
      <LastSaleDateTime>2026-01-15T19:48:44.000</LastSaleDateTime>
      <ItemType>1</ItemType>
      <ItemName>וויסקי אירי בושמילס</ItemName>
      <ManufactureName>לא ידוע</ManufactureName>
      <ManufactureCountry>לא ידוע</ManufactureCountry>
      <ManufactureItemDescription>וויסקי אירי בושמילס</ManufactureItemDescription>
      <UnitQty>לא ידוע</UnitQty>
      <Quantity>700.00</Quantity>
      <UnitOfMeasure>100 מ"ל</UnitOfMeasure>
      <bIsWeighted>0</bIsWeighted>
      <QtyInPackage>לא ידוע</QtyInPackage>
      <ItemPrice>89.90</ItemPrice>
      <UnitOfMeasurePrice>0.13</UnitOfMeasurePrice>
      <AllowDiscount>1</AllowDiscount>
      <ItemStatus/>
    </Item>
    <Item>
      <PriceUpdateTime>2025-07-08T10:08:07.000</PriceUpdateTime>
      <ItemCode>7290119778140</ItemCode>
      <LastSaleDateTime>2015-01-01T00:00:00.000</LastSaleDateTime>
      <ItemType>1</ItemType>
      <ItemName>שוופס קוקטייל טעם רו</ItemName>
      <ManufactureName>לא ידוע</ManufactureName>
      <ManufactureCountry>לא ידוע</ManufactureCountry>
      <ManufactureItemDescription>שוופס קוקטייל טעם רו</ManufactureItemDescription>
      <UnitQty>לא ידוע</UnitQty>
      <Quantity>330.00</Quantity>
      <UnitOfMeasure>100 מ"ל</UnitOfMeasure>
      <bIsWeighted>0</bIsWeighted>
      <QtyInPackage>לא ידוע</QtyInPackage>
      <ItemPrice>12.50</ItemPrice>
      <UnitOfMeasurePrice>0.04</UnitOfMeasurePrice>
      <AllowDiscount>1</AllowDiscount>
      <ItemStatus>2</ItemStatus>
    </Item>
    <Item>
      <PriceUpdateTime>2025-07-08T10:08:07.000</PriceUpdateTime>
      <ItemCode>7290119778195</ItemCode>
      <LastSaleDateTime>2025-07-29T00:00:00.000</LastSaleDateTime>
      <ItemType>1</ItemType>
      <ItemName>שוופס קוקטייל בטעם מ</ItemName>
      <ManufactureName>לא ידוע</ManufactureName>
      <ManufactureCountry>לא ידוע</ManufactureCountry>
      <ManufactureItemDescription>שוופס קוקטייל בטעם מ</ManufactureItemDescription>
      <UnitQty>לא ידוע</UnitQty>
      <Quantity>330.00</Quantity>
      <UnitOfMeasure>100 מ"ל</UnitOfMeasure>
      <bIsWeighted>0</bIsWeighted>
      <QtyInPackage>לא ידוע</QtyInPackage>
      <ItemPrice>12.50</ItemPrice>
      <UnitOfMeasurePrice>0.04</UnitOfMeasurePrice>
      <AllowDiscount>1</AllowDiscount>
      <ItemStatus>2</ItemStatus>
    </Item>
    <Item>
      <PriceUpdateTime>2025-07-08T10:08:07.000</PriceUpdateTime>
      <ItemCode>7290119778249</ItemCode>
      <LastSaleDateTime>2025-07-22T00:00:00.000</LastSaleDateTime>
      <ItemType>1</ItemType>
      <ItemName>שוופס קוקטייל בטעם ל</ItemName>
      <ManufactureName>לא ידוע</ManufactureName>
      <ManufactureCountry>לא ידוע</ManufactureCountry>
      <ManufactureItemDescription>שוופס קוקטייל בטעם ל</ManufactureItemDescription>
      <UnitQty>לא ידוע</UnitQty>
      <Quantity>330.00</Quantity>
      <UnitOfMeasure>100 מ"ל</UnitOfMeasure>
      <bIsWeighted>0</bIsWeighted>
      <QtyInPackage>לא ידוע</QtyInPackage>
      <ItemPrice>12.50</ItemPrice>
      <UnitOfMeasurePrice>0.04</UnitOfMeasurePrice>
      <AllowDiscount>1</AllowDiscount>
      <ItemStatus>2</ItemStatus>
    </Item>
    <Item>
      <PriceUpdateTime>2025-07-08T13:06:00.000</PriceUpdateTime>
      <ItemCode>7290012275401</ItemCode>
      <LastSaleDateTime>2015-01-01T00:00:00.000</LastSaleDateTime>
      <ItemType>1</ItemType>
      <ItemName>בירה מולר 500 מל</ItemName>
      <ManufactureName>לא ידוע</ManufactureName>
      <ManufactureCountry>לא ידוע</ManufactureCountry>
      <ManufactureItemDescription>בירה מולר 500 מל</ManufactureItemDescription>
      <UnitQty>לא ידוע</UnitQty>
      <Quantity>500.00</Quantity>
      <UnitOfMeasure>100 מ"ל</UnitOfMeasure>
      <bIsWeighted>0</bIsWeighted>
      <QtyInPackage>לא ידוע</QtyInPackage>
      <ItemPrice>4.90</ItemPrice>
      <UnitOfMeasurePrice>0.01</UnitOfMeasurePrice>
      <AllowDiscount>1</AllowDiscount>
      <ItemStatus>2</ItemStatus>
    </Item>
    <Item>
      <PriceUpdateTime>2025-07-08T13:09:21.000</PriceUpdateTime>
      <ItemCode>7290109842745</ItemCode>
      <LastSaleDateTime>2015-01-01T00:00:00.000</LastSaleDateTime>
      <ItemType>1</ItemType>
      <ItemName>בירה מולר 500 מל</ItemName>
      <ManufactureName>לא ידוע</ManufactureName>
      <ManufactureCountry>לא ידוע</ManufactureCountry>
      <ManufactureItemDescription>בירה מולר 500 מל</ManufactureItemDescription>
      <UnitQty>לא ידוע</UnitQty>
      <Quantity>500.00</Quantity>
      <UnitOfMeasure>100 מ"ל</UnitOfMeasure>
      <bIsWeighted>0</bIsWeighted>
      <QtyInPackage>לא ידוע</QtyInPackage>
      <ItemPrice>4.90</ItemPrice>
      <UnitOfMeasurePrice>0.01</UnitOfMeasurePrice>
      <AllowDiscount>1</AllowDiscount>
      <ItemStatus>2</ItemStatus>
    </Item>
    <Item>
      <PriceUpdateTime>2025-07-08T13:09:21.000</PriceUpdateTime>
      <ItemCode>7290017967004</ItemCode>
      <LastSaleDateTime>2015-01-01T00:00:00.000</LastSaleDateTime>
      <ItemType>1</ItemType>
      <ItemName>בירה קייזר בקבוק 500</ItemName>
      <ManufactureName>לא ידוע</ManufactureName>
      <ManufactureCountry>לא ידוע</ManufactureCountry>
      <ManufactureItemDescription>בירה קייזר בקבוק 500</ManufactureItemDescription>
      <UnitQty>לא ידוע</UnitQty>
      <Quantity>500.00</Quantity>
      <UnitOfMeasure>100 מ"ל</UnitOfMeasure>
      <bIsWeighted>0</bIsWeighted>
      <QtyInPackage>לא ידוע</QtyInPackage>
      <ItemPrice>4.90</ItemPrice>
      <UnitOfMeasurePrice>0.01</UnitOfMeasurePrice>
      <AllowDiscount>1</AllowDiscount>
      <ItemStatus>2</ItemStatus>
    </Item>
    <Item>
      <PriceUpdateTime>2025-07-16T15:29:24.000</PriceUpdateTime>
      <ItemCode>7290000521008</ItemCode>
      <LastSaleDateTime>2026-01-28T10:54:01.000</LastSaleDateTime>
      <ItemType>1</ItemType>
      <ItemName>סגל אדום יבש 750 מ"ל</ItemName>
      <ManufactureName>טמפו</ManufactureName>
      <ManufactureCountry>ישראל</ManufactureCountry>
      <ManufactureItemDescription>סגל אדום יבש 750 מ"ל 2013</ManufactureItemDescription>
      <UnitQty>לא ידוע</UnitQty>
      <Quantity>750.00</Quantity>
      <UnitOfMeasure>100 מ"ל</UnitOfMeasure>
      <bIsWeighted>0</bIsWeighted>
      <QtyInPackage>לא ידוע</QtyInPackage>
      <ItemPrice>21.50</ItemPrice>
      <UnitOfMeasurePrice>0.03</UnitOfMeasurePrice>
      <AllowDiscount>1</AllowDiscount>
      <ItemStatus/>
    </Item>
    <Item>
      <PriceUpdateTime>2025-07-17T08:10:07.000</PriceUpdateTime>
      <ItemCode>7290000023809</ItemCode>
      <LastSaleDateTime>2026-01-29T18:24:04.000</LastSaleDateTime>
      <ItemType>1</ItemType>
      <ItemName>קלאסיק קברנה סוביניו</ItemName>
      <ManufactureName>טמפו</ManufactureName>
      <ManufactureCountry>ישראל</ManufactureCountry>
      <ManufactureItemDescription>קלאסיק קברנה סוביניון</ManufactureItemDescription>
      <UnitQty>לא ידוע</UnitQty>
      <Quantity>750.00</Quantity>
      <UnitOfMeasure>100 מ"ל</UnitOfMeasure>
      <bIsWeighted>0</bIsWeighted>
      <QtyInPackage>לא ידוע</QtyInPackage>
      <ItemPrice>32.80</ItemPrice>
      <UnitOfMeasurePrice>0.04</UnitOfMeasurePrice>
      <AllowDiscount>1</AllowDiscount>
      <ItemStatus/>
    </Item>
    <Item>
      <PriceUpdateTime>2025-07-17T08:10:07.000</PriceUpdateTime>
      <ItemCode>7290000023816</ItemCode>
      <LastSaleDateTime>2025-09-03T00:00:00.000</LastSaleDateTime>
      <ItemType>1</ItemType>
      <ItemName>קלאסיק אמרלד ריזלינג</ItemName>
      <ManufactureName>טמפו</ManufactureName>
      <ManufactureCountry>ישראל</ManufactureCountry>
      <ManufactureItemDescription>קלאסיק אמרלד ריזלינג</ManufactureItemDescription>
      <UnitQty>לא ידוע</UnitQty>
      <Quantity>750.00</Quantity>
      <UnitOfMeasure>100 מ"ל</UnitOfMeasure>
      <bIsWeighted>0</bIsWeighted>
      <QtyInPackage>לא ידוע</QtyInPackage>
      <ItemPrice>32.80</ItemPrice>
      <UnitOfMeasurePrice>0.04</UnitOfMeasurePrice>
      <AllowDiscount>1</AllowDiscount>
      <ItemStatus>2</ItemStatus>
    </Item>
    <Item>
      <PriceUpdateTime>2025-07-17T08:10:07.000</PriceUpdateTime>
      <ItemCode>7290000023823</ItemCode>
      <LastSaleDateTime>2015-01-01T00:00:00.000</LastSaleDateTime>
      <ItemType>1</ItemType>
      <ItemName>קלאסיק סוביניון בלאן</ItemName>
      <ManufactureName>טמפו</ManufactureName>
      <ManufactureCountry>ישראל</ManufactureCountry>
      <ManufactureItemDescription>קלאסיק סוביניון בלאן</ManufactureItemDescription>
      <UnitQty>לא ידוע</UnitQty>
      <Quantity>750.00</Quantity>
      <UnitOfMeasure>100 מ"ל</UnitOfMeasure>
      <bIsWeighted>0</bIsWeighted>
      <QtyInPackage>לא ידוע</QtyInPackage>
      <ItemPrice>32.80</ItemPrice>
      <UnitOfMeasurePrice>0.04</UnitOfMeasurePrice>
      <AllowDiscount>1</AllowDiscount>
      <ItemStatus>2</ItemStatus>
    </Item>
    <Item>
      <PriceUpdateTime>2025-07-17T08:10:07.000</PriceUpdateTime>
      <ItemCode>7290000023830</ItemCode>
      <LastSaleDateTime>2025-10-30T00:00:00.000</LastSaleDateTime>
      <ItemType>1</ItemType>
      <ItemName>קלאסיק רוזה</ItemName>
      <ManufactureName>טמפו</ManufactureName>
      <ManufactureCountry>ישראל</ManufactureCountry>
      <ManufactureItemDescription>קלאסיק רוזה</ManufactureItemDescription>
      <UnitQty>לא ידוע</UnitQty>
      <Quantity>750.00</Quantity>
      <UnitOfMeasure>100 מ"ל</UnitOfMeasure>
      <bIsWeighted>0</bIsWeighted>
      <QtyInPackage>לא ידוע</QtyInPackage>
      <ItemPrice>32.80</ItemPrice>
      <UnitOfMeasurePrice>0.04</UnitOfMeasurePrice>
      <AllowDiscount>1</AllowDiscount>
      <ItemStatus>2</ItemStatus>
    </Item>
    <Item>
      <PriceUpdateTime>2025-07-17T08:10:07.000</PriceUpdateTime>
      <ItemCode>7290000023847</ItemCode>
      <LastSaleDateTime>2015-01-01T00:00:00.000</LastSaleDateTime>
      <ItemType>1</ItemType>
      <ItemName>קלאסיק שרדונה</ItemName>
      <ManufactureName>טמפו</ManufactureName>
      <ManufactureCountry>ישראל</ManufactureCountry>
      <ManufactureItemDescription>קלאסיק שרדונה</ManufactureItemDescription>
      <UnitQty>לא ידוע</UnitQty>
      <Quantity>750.00</Quantity>
      <UnitOfMeasure>100 מ"ל</UnitOfMeasure>
      <bIsWeighted>0</bIsWeighted>
      <QtyInPackage>לא ידוע</QtyInPackage>
      <ItemPrice>32.80</ItemPrice>
      <UnitOfMeasurePrice>0.04</UnitOfMeasurePrice>
      <AllowDiscount>1</AllowDiscount>
      <ItemStatus>2</ItemStatus>
    </Item>
    <Item>
      <PriceUpdateTime>2025-07-17T08:10:07.000</PriceUpdateTime>
      <ItemCode>7290000023977</ItemCode>
      <LastSaleDateTime>2026-01-23T10:12:17.000</LastSaleDateTime>
      <ItemType>1</ItemType>
      <ItemName>קלאסיק מרלו</ItemName>
      <ManufactureName>טמפו</ManufactureName>
      <ManufactureCountry>ישראל</ManufactureCountry>
      <ManufactureItemDescription>קלאסיק מרלו</ManufactureItemDescription>
      <UnitQty>לא ידוע</UnitQty>
      <Quantity>750.00</Quantity>
      <UnitOfMeasure>100 מ"ל</UnitOfMeasure>
      <bIsWeighted>0</bIsWeighted>
      <QtyInPackage>לא ידוע</QtyInPackage>
      <ItemPrice>32.80</ItemPrice>
      <UnitOfMeasurePrice>0.04</UnitOfMeasurePrice>
      <AllowDiscount>1</AllowDiscount>
      <ItemStatus/>
    </Item>
    <Item>
      <PriceUpdateTime>2025-07-17T08:10:07.000</PriceUpdateTime>
      <ItemCode>7290017589565</ItemCode>
      <LastSaleDateTime>2025-09-10T00:00:00.000</LastSaleDateTime>
      <ItemType>1</ItemType>
      <ItemName>יין קלאסיק גוורץ 750</ItemName>
      <ManufactureName>לא ידוע</ManufactureName>
      <ManufactureCountry>לא ידוע</ManufactureCountry>
      <ManufactureItemDescription>יין קלאסיק גוורץ 750</ManufactureItemDescription>
      <UnitQty>לא ידוע</UnitQty>
      <Quantity>1.00</Quantity>
      <UnitOfMeasure>יח'</UnitOfMeasure>
      <bIsWeighted>0</bIsWeighted>
      <QtyInPackage>לא ידוע</QtyInPackage>
      <ItemPrice>32.80</ItemPrice>
      <UnitOfMeasurePrice>32.80</UnitOfMeasurePrice>
      <AllowDiscount>1</AllowDiscount>
      <ItemStatus>2</ItemStatus>
    </Item>
    <Item>
      <PriceUpdateTime>2025-07-17T08:10:07.000</PriceUpdateTime>
      <ItemCode>7290017589633</ItemCode>
      <LastSaleDateTime>2026-01-23T09:15:53.000</LastSaleDateTime>
      <ItemType>1</ItemType>
      <ItemName>רזרב גולד קברנה סובי</ItemName>
      <ManufactureName>לא ידוע</ManufactureName>
      <ManufactureCountry>לא ידוע</ManufactureCountry>
      <ManufactureItemDescription>רזרב גולד קברנה סובי</ManufactureItemDescription>
      <UnitQty>לא ידוע</UnitQty>
      <Quantity>750.00</Quantity>
      <UnitOfMeasure>100 מ"ל</UnitOfMeasure>
      <bIsWeighted>0</bIsWeighted>
      <QtyInPackage>לא ידוע</QtyInPackage>
      <ItemPrice>49.80</ItemPrice>
      <UnitOfMeasurePrice>0.07</UnitOfMeasurePrice>
      <AllowDiscount>1</AllowDiscount>
      <ItemStatus/>
    </Item>
    <Item>
      <PriceUpdateTime>2025-07-17T08:10:07.000</PriceUpdateTime>
      <ItemCode>7290018165010</ItemCode>
      <LastSaleDateTime>2026-01-28T21:38:18.000</LastSaleDateTime>
      <ItemType>1</ItemType>
      <ItemName>רזרב גולד גוורצטרמינ</ItemName>
      <ManufactureName>לא ידוע</ManufactureName>
      <ManufactureCountry>לא ידוע</ManufactureCountry>
      <ManufactureItemDescription>רזרב גולד גוורצטרמינ</ManufactureItemDescription>
      <UnitQty>לא ידוע</UnitQty>
      <Quantity>750.00</Quantity>
      <UnitOfMeasure>100 מ"ל</UnitOfMeasure>
      <bIsWeighted>0</bIsWeighted>
      <QtyInPackage>לא ידוע</QtyInPackage>
      <ItemPrice>49.80</ItemPrice>
      <UnitOfMeasurePrice>0.07</UnitOfMeasurePrice>
      <AllowDiscount>1</AllowDiscount>
      <ItemStatus/>
    </Item>
    <Item>
      <PriceUpdateTime>2025-07-17T08:10:07.000</PriceUpdateTime>
      <ItemCode>7290018165027</ItemCode>
      <LastSaleDateTime>2025-12-05T00:00:00.000</LastSaleDateTime>
      <ItemType>1</ItemType>
      <ItemName>רזרב גולד רוזה 750 מ</ItemName>
      <ManufactureName>לא ידוע</ManufactureName>
      <ManufactureCountry>לא ידוע</ManufactureCountry>
      <ManufactureItemDescription>רזרב גולד רוזה 750 מ</ManufactureItemDescription>
      <UnitQty>לא ידוע</UnitQty>
      <Quantity>750.00</Quantity>
      <UnitOfMeasure>100 מ"ל</UnitOfMeasure>
      <bIsWeighted>0</bIsWeighted>
      <QtyInPackage>לא ידוע</QtyInPackage>
      <ItemPrice>49.80</ItemPrice>
      <UnitOfMeasurePrice>0.07</UnitOfMeasurePrice>
      <AllowDiscount>1</AllowDiscount>
      <ItemStatus/>
    </Item>
    <Item>
      <PriceUpdateTime>2025-07-17T08:10:07.000</PriceUpdateTime>
      <ItemCode>7290018165447</ItemCode>
      <LastSaleDateTime>2026-01-29T18:44:18.000</LastSaleDateTime>
      <ItemType>1</ItemType>
      <ItemName>רזרב גולד מרלו 750 מ</ItemName>
      <ManufactureName>לא ידוע</ManufactureName>
      <ManufactureCountry>לא ידוע</ManufactureCountry>
      <ManufactureItemDescription>רזרב גולד מרלו 750 מ</ManufactureItemDescription>
      <UnitQty>לא ידוע</UnitQty>
      <Quantity>750.00</Quantity>
      <UnitOfMeasure>100 מ"ל</UnitOfMeasure>
      <bIsWeighted>0</bIsWeighted>
      <QtyInPackage>לא ידוע</QtyInPackage>
      <ItemPrice>49.80</ItemPrice>
      <UnitOfMeasurePrice>0.07</UnitOfMeasurePrice>
      <AllowDiscount>1</AllowDiscount>
      <ItemStatus/>
    </Item>
    <Item>
      <PriceUpdateTime>2025-07-17T08:10:07.000</PriceUpdateTime>
      <ItemCode>7290019220596</ItemCode>
      <LastSaleDateTime>2026-01-14T13:50:45.000</LastSaleDateTime>
      <ItemType>1</ItemType>
      <ItemName>ברקן מוסקטו 2023 750</ItemName>
      <ManufactureName>לא ידוע</ManufactureName>
      <ManufactureCountry>לא ידוע</ManufactureCountry>
      <ManufactureItemDescription>ברקן מוסקטו 2023 750</ManufactureItemDescription>
      <UnitQty>לא ידוע</UnitQty>
      <Quantity>750.00</Quantity>
      <UnitOfMeasure>100 מ"ל</UnitOfMeasure>
      <bIsWeighted>0</bIsWeighted>
      <QtyInPackage>לא ידוע</QtyInPackage>
      <ItemPrice>49.80</ItemPrice>
      <UnitOfMeasurePrice>0.07</UnitOfMeasurePrice>
      <AllowDiscount>1</AllowDiscount>
      <ItemStatus/>
    </Item>
    <Item>
      <PriceUpdateTime>2025-07-20T11:17:01.000</PriceUpdateTime>
      <ItemCode>5901867816641</ItemCode>
      <LastSaleDateTime>2026-01-25T13:08:35.000</LastSaleDateTime>
      <ItemType>1</ItemType>
      <ItemName>בלוודר וודקה 700 מל</ItemName>
      <ManufactureName>לא ידוע</ManufactureName>
      <ManufactureCountry>לא ידוע</ManufactureCountry>
      <ManufactureItemDescription>בלוודר וודקה 700 מל</ManufactureItemDescription>
      <UnitQty>לא ידוע</UnitQty>
      <Quantity>700.00</Quantity>
      <UnitOfMeasure>100 מ"ל</UnitOfMeasure>
      <bIsWeighted>0</bIsWeighted>
      <QtyInPackage>לא ידוע</QtyInPackage>
      <ItemPrice>114.90</ItemPrice>
      <UnitOfMeasurePrice>0.16</UnitOfMeasurePrice>
      <AllowDiscount>1</AllowDiscount>
      <ItemStatus/>
    </Item>
    <Item>
      <PriceUpdateTime>2025-07-22T15:21:53.000</PriceUpdateTime>
      <ItemCode>4260047131372</ItemCode>
      <LastSaleDateTime>2015-01-01T00:00:00.000</LastSaleDateTime>
      <ItemType>1</ItemType>
      <ItemName>וודקה אספרסו 700מל</ItemName>
      <ManufactureName>שע"ל רובין</ManufactureName>
      <ManufactureCountry>לא ידוע</ManufactureCountry>
      <ManufactureItemDescription>וודקה אספרסו 700מל</ManufactureItemDescription>
      <UnitQty>לא ידוע</UnitQty>
      <Quantity>1.00</Quantity>
      <UnitOfMeasure>יח'</UnitOfMeasure>
      <bIsWeighted>0</bIsWeighted>
      <QtyInPackage>לא ידוע</QtyInPackage>
      <ItemPrice>90.90</ItemPrice>
      <UnitOfMeasurePrice>90.90</UnitOfMeasurePrice>
      <AllowDiscount>1</AllowDiscount>
      <ItemStatus>2</ItemStatus>
    </Item>
    <Item>
      <PriceUpdateTime>2025-07-22T15:21:53.000</PriceUpdateTime>
      <ItemCode>4260047131389</ItemCode>
      <LastSaleDateTime>2015-01-01T00:00:00.000</LastSaleDateTime>
      <ItemType>1</ItemType>
      <ItemName>וודקה קוקוס 700מל</ItemName>
      <ManufactureName>לא ידוע</ManufactureName>
      <ManufactureCountry>לא ידוע</ManufactureCountry>
      <ManufactureItemDescription>וודקה קוקוס 700מל</ManufactureItemDescription>
      <UnitQty>לא ידוע</UnitQty>
      <Quantity>1.00</Quantity>
      <UnitOfMeasure>יח'</UnitOfMeasure>
      <bIsWeighted>0</bIsWeighted>
      <QtyInPackage>לא ידוע</QtyInPackage>
      <ItemPrice>90.90</ItemPrice>
      <UnitOfMeasurePrice>90.90</UnitOfMeasurePrice>
      <AllowDiscount>1</AllowDiscount>
      <ItemStatus>2</ItemStatus>
    </Item>
    <Item>
      <PriceUpdateTime>2025-07-22T15:21:53.000</PriceUpdateTime>
      <ItemCode>4260047131396</ItemCode>
      <LastSaleDateTime>2015-01-01T00:00:00.000</LastSaleDateTime>
      <ItemType>1</ItemType>
      <ItemName>וודקה אסאי 700מל</ItemName>
      <ManufactureName>שע"ל רובין</ManufactureName>
      <ManufactureCountry>לא ידוע</ManufactureCountry>
      <ManufactureItemDescription>וודקה אסאי 700מל</ManufactureItemDescription>
      <UnitQty>לא ידוע</UnitQty>
      <Quantity>1.00</Quantity>
      <UnitOfMeasure>יח'</UnitOfMeasure>
      <bIsWeighted>0</bIsWeighted>
      <QtyInPackage>לא ידוע</QtyInPackage>
      <ItemPrice>90.90</ItemPrice>
      <UnitOfMeasurePrice>90.90</UnitOfMeasurePrice>
      <AllowDiscount>1</AllowDiscount>
      <ItemStatus>2</ItemStatus>
    </Item>
    <Item>
      <PriceUpdateTime>2025-07-22T15:21:53.000</PriceUpdateTime>
      <ItemCode>5022069002103</ItemCode>
      <LastSaleDateTime>2015-01-01T00:00:00.000</LastSaleDateTime>
      <ItemType>1</ItemType>
      <ItemName>וויסקי דירק-סקוטי</ItemName>
      <ManufactureName>לא ידוע</ManufactureName>
      <ManufactureCountry>לא ידוע</ManufactureCountry>
      <ManufactureItemDescription>וויסקי דירק-סקוטי</ManufactureItemDescription>
      <UnitQty>לא ידוע</UnitQty>
      <Quantity>1.00</Quantity>
      <UnitOfMeasure>יח'</UnitOfMeasure>
      <bIsWeighted>0</bIsWeighted>
      <QtyInPackage>לא ידוע</QtyInPackage>
      <ItemPrice>50.50</ItemPrice>
      <UnitOfMeasurePrice>50.50</UnitOfMeasurePrice>
      <AllowDiscount>1</AllowDiscount>
      <ItemStatus>2</ItemStatus>
    </Item>
    <Item>
      <PriceUpdateTime>2025-07-24T10:26:52.000</PriceUpdateTime>
      <ItemCode>7290110117702</ItemCode>
      <LastSaleDateTime>2015-01-01T00:00:00.000</LastSaleDateTime>
      <ItemType>1</ItemType>
      <ItemName>שישיות בירה טובורג ג</ItemName>
      <ManufactureName>לא ידוע</ManufactureName>
      <ManufactureCountry>לא ידוע</ManufactureCountry>
      <ManufactureItemDescription>שישיות בירה טובורג ג</ManufactureItemDescription>
      <UnitQty>ליטר</UnitQty>
      <Quantity>1.98</Quantity>
      <UnitOfMeasure>ליטר    </UnitOfMeasure>
      <bIsWeighted>0</bIsWeighted>
      <QtyInPackage>לא ידוע</QtyInPackage>
      <ItemPrice>24.90</ItemPrice>
      <UnitOfMeasurePrice>12.58</UnitOfMeasurePrice>
      <AllowDiscount>1</AllowDiscount>
      <ItemStatus>2</ItemStatus>
    </Item>
    <Item>
      <PriceUpdateTime>2025-07-24T11:51:57.000</PriceUpdateTime>
      <ItemCode>7290014503625</ItemCode>
      <LastSaleDateTime>2026-01-14T16:56:08.000</LastSaleDateTime>
      <ItemType>1</ItemType>
      <ItemName>אסטייט קברנה סוביניו</ItemName>
      <ManufactureName>לא ידוע</ManufactureName>
      <ManufactureCountry>לא ידוע</ManufactureCountry>
      <ManufactureItemDescription>אסטייט קברנה סוביניו</ManufactureItemDescription>
      <UnitQty>מטרים</UnitQty>
      <Quantity>750.00</Quantity>
      <UnitOfMeasure>100 מ'ל</UnitOfMeasure>
      <bIsWeighted>0</bIsWeighted>
      <QtyInPackage>לא ידוע</QtyInPackage>
      <ItemPrice>64.90</ItemPrice>
      <UnitOfMeasurePrice>0.09</UnitOfMeasurePrice>
      <AllowDiscount>1</AllowDiscount>
      <ItemStatus/>
    </Item>
    <Item>
      <PriceUpdateTime>2025-07-24T11:51:57.000</PriceUpdateTime>
      <ItemCode>7290004494384</ItemCode>
      <LastSaleDateTime>2026-01-12T08:41:25.000</LastSaleDateTime>
      <ItemType>1</ItemType>
      <ItemName>אסטייט יין רוזה 750מ</ItemName>
      <ManufactureName>לא ידוע</ManufactureName>
      <ManufactureCountry>לא ידוע</ManufactureCountry>
      <ManufactureItemDescription>אסטייט יין רוזה 750מ</ManufactureItemDescription>
      <UnitQty>מטרים</UnitQty>
      <Quantity>750.00</Quantity>
      <UnitOfMeasure>100 מ'ל</UnitOfMeasure>
      <bIsWeighted>0</bIsWeighted>
      <QtyInPackage>לא ידוע</QtyInPackage>
      <ItemPrice>64.90</ItemPrice>
      <UnitOfMeasurePrice>0.09</UnitOfMeasurePrice>
      <AllowDiscount>1</AllowDiscount>
      <ItemStatus/>
    </Item>
    <Item>
      <PriceUpdateTime>2025-07-24T11:52:48.000</PriceUpdateTime>
      <ItemCode>7290004494315</ItemCode>
      <LastSaleDateTime>2025-11-12T00:00:00.000</LastSaleDateTime>
      <ItemType>1</ItemType>
      <ItemName>יין כנען מוסקאטו 750</ItemName>
      <ManufactureName>דלתון</ManufactureName>
      <ManufactureCountry>ישראל</ManufactureCountry>
      <ManufactureItemDescription>מוסקאטו יובלים (דלתון) -</ManufactureItemDescription>
      <UnitQty>לא ידוע</UnitQty>
      <Quantity>750.00</Quantity>
      <UnitOfMeasure>100 מ"ל</UnitOfMeasure>
      <bIsWeighted>0</bIsWeighted>
      <QtyInPackage>לא ידוע</QtyInPackage>
      <ItemPrice>47.90</ItemPrice>
      <UnitOfMeasurePrice>0.06</UnitOfMeasurePrice>
      <AllowDiscount>1</AllowDiscount>
      <ItemStatus/>
    </Item>
    <Item>
      <PriceUpdateTime>2025-07-24T11:52:48.000</PriceUpdateTime>
      <ItemCode>7290014503137</ItemCode>
      <LastSaleDateTime>2026-01-09T12:32:17.000</LastSaleDateTime>
      <ItemType>1</ItemType>
      <ItemName>יין כנען אדום 750 מל</ItemName>
      <ManufactureName>דלתון</ManufactureName>
      <ManufactureCountry>ישראל</ManufactureCountry>
      <ManufactureItemDescription>יובלים אדום (דלתון) - רשת</ManufactureItemDescription>
      <UnitQty>לא ידוע</UnitQty>
      <Quantity>750.00</Quantity>
      <UnitOfMeasure>100 מ"ל</UnitOfMeasure>
      <bIsWeighted>0</bIsWeighted>
      <QtyInPackage>לא ידוע</QtyInPackage>
      <ItemPrice>47.90</ItemPrice>
      <UnitOfMeasurePrice>0.06</UnitOfMeasurePrice>
      <AllowDiscount>1</AllowDiscount>
      <ItemStatus/>
    </Item>
    <Item>
      <PriceUpdateTime>2025-07-24T11:52:48.000</PriceUpdateTime>
      <ItemCode>7290014503144</ItemCode>
      <LastSaleDateTime>2026-01-07T13:54:08.000</LastSaleDateTime>
      <ItemType>1</ItemType>
      <ItemName>יין כנען לבן 750 מל</ItemName>
      <ManufactureName>דלתון</ManufactureName>
      <ManufactureCountry>ישראל</ManufactureCountry>
      <ManufactureItemDescription>יובלים לבן (דלתון) - רשת</ManufactureItemDescription>
      <UnitQty>לא ידוע</UnitQty>
      <Quantity>750.00</Quantity>
      <UnitOfMeasure>100 מ"ל</UnitOfMeasure>
      <bIsWeighted>0</bIsWeighted>
      <QtyInPackage>לא ידוע</QtyInPackage>
      <ItemPrice>47.90</ItemPrice>
      <UnitOfMeasurePrice>0.06</UnitOfMeasurePrice>
      <AllowDiscount>1</AllowDiscount>
      <ItemStatus/>
    </Item>
    <Item>
      <PriceUpdateTime>2025-07-29T10:31:58.000</PriceUpdateTime>
      <ItemCode>5410316983693</ItemCode>
      <LastSaleDateTime>2025-08-29T00:00:00.000</LastSaleDateTime>
      <ItemType>1</ItemType>
      <ItemName>אייס סמירנוף 275 מ"ל</ItemName>
      <ManufactureName>סמירנוף</ManufactureName>
      <ManufactureCountry>לא ידוע</ManufactureCountry>
      <ManufactureItemDescription>אייס סמירנוף 275 מ"ל</ManufactureItemDescription>
      <UnitQty>לא ידוע</UnitQty>
      <Quantity>275.00</Quantity>
      <UnitOfMeasure>100 מ"ל</UnitOfMeasure>
      <bIsWeighted>0</bIsWeighted>
      <QtyInPackage>לא ידוע</QtyInPackage>
      <ItemPrice>6.90</ItemPrice>
      <UnitOfMeasurePrice>0.03</UnitOfMeasurePrice>
      <AllowDiscount>1</AllowDiscount>
      <ItemStatus>2</ItemStatus>
    </Item>
    <Item>
      <PriceUpdateTime>2025-07-31T09:33:34.000</PriceUpdateTime>
      <ItemCode>82184090473</ItemCode>
      <LastSaleDateTime>2026-01-29T11:56:02.000</LastSaleDateTime>
      <ItemType>1</ItemType>
      <ItemName>וויסקי גק דניאלס 700</ItemName>
      <ManufactureName>לא ידוע</ManufactureName>
      <ManufactureCountry>לא ידוע</ManufactureCountry>
      <ManufactureItemDescription>וויסקי גק דניאלס 700</ManufactureItemDescription>
      <UnitQty>מטרים</UnitQty>
      <Quantity>700.00</Quantity>
      <UnitOfMeasure>100 מ'ל</UnitOfMeasure>
      <bIsWeighted>0</bIsWeighted>
      <QtyInPackage>לא ידוע</QtyInPackage>
      <ItemPrice>109.90</ItemPrice>
      <UnitOfMeasurePrice>0.16</UnitOfMeasurePrice>
      <AllowDiscount>1</AllowDiscount>
      <ItemStatus/>
    </Item>
    <Item>
      <PriceUpdateTime>2025-07-31T09:33:34.000</PriceUpdateTime>
      <ItemCode>5099873001370</ItemCode>
      <LastSaleDateTime>2026-01-22T09:32:41.000</LastSaleDateTime>
      <ItemType>1</ItemType>
      <ItemName>ג'ק דניאלס דבש 700 מ</ItemName>
      <ManufactureName>לא ידוע</ManufactureName>
      <ManufactureCountry>לא ידוע</ManufactureCountry>
      <ManufactureItemDescription>ג'ק דניאלס דבש 700 מ</ManufactureItemDescription>
      <UnitQty>מטרים</UnitQty>
      <Quantity>700.00</Quantity>
      <UnitOfMeasure>100 מ'ל</UnitOfMeasure>
      <bIsWeighted>0</bIsWeighted>
      <QtyInPackage>לא ידוע</QtyInPackage>
      <ItemPrice>109.90</ItemPrice>
      <UnitOfMeasurePrice>0.16</UnitOfMeasurePrice>
      <AllowDiscount>1</AllowDiscount>
      <ItemStatus/>
    </Item>
    <Item>
      <PriceUpdateTime>2025-07-31T14:15:01.000</PriceUpdateTime>
      <ItemCode>5000277001255</ItemCode>
      <LastSaleDateTime>2015-01-01T00:00:00.000</LastSaleDateTime>
      <ItemType>1</ItemType>
      <ItemName>דיוארס וויט לייבל וו</ItemName>
      <ManufactureName>לא ידוע</ManufactureName>
      <ManufactureCountry>לא ידוע</ManufactureCountry>
      <ManufactureItemDescription>דיוארס וויט לייבל וו</ManufactureItemDescription>
      <UnitQty>מטרים</UnitQty>
      <Quantity>1000.00</Quantity>
      <UnitOfMeasure>100 מ'ל</UnitOfMeasure>
      <bIsWeighted>0</bIsWeighted>
      <QtyInPackage>לא ידוע</QtyInPackage>
      <ItemPrice>99.90</ItemPrice>
      <UnitOfMeasurePrice>0.10</UnitOfMeasurePrice>
      <AllowDiscount>1</AllowDiscount>
      <ItemStatus>2</ItemStatus>
    </Item>
    <Item>
      <PriceUpdateTime>2025-07-31T14:15:01.000</PriceUpdateTime>
      <ItemCode>7290005020353</ItemCode>
      <LastSaleDateTime>2015-01-01T00:00:00.000</LastSaleDateTime>
      <ItemType>1</ItemType>
      <ItemName>בקרדי לבן 1 ליטר</ItemName>
      <ManufactureName>לא ידוע</ManufactureName>
      <ManufactureCountry>לא ידוע</ManufactureCountry>
      <ManufactureItemDescription>בקרדי לבן 1 ליטר</ManufactureItemDescription>
      <UnitQty>ליטר</UnitQty>
      <Quantity>1.00</Quantity>
      <UnitOfMeasure>ליטר    </UnitOfMeasure>
      <bIsWeighted>0</bIsWeighted>
      <QtyInPackage>לא ידוע</QtyInPackage>
      <ItemPrice>129.90</ItemPrice>
      <UnitOfMeasurePrice>129.90</UnitOfMeasurePrice>
      <AllowDiscount>1</AllowDiscount>
      <ItemStatus>2</ItemStatus>
    </Item>
    <Item>
      <PriceUpdateTime>2025-07-31T14:15:01.000</PriceUpdateTime>
      <ItemCode>9421012620016</ItemCode>
      <LastSaleDateTime>2015-01-01T00:00:00.000</LastSaleDateTime>
      <ItemType>1</ItemType>
      <ItemName>בילואו 1 ליטר</ItemName>
      <ManufactureName>לא ידוע</ManufactureName>
      <ManufactureCountry>לא ידוע</ManufactureCountry>
      <ManufactureItemDescription>בילואו 1 ליטר</ManufactureItemDescription>
      <UnitQty>מטרים</UnitQty>
      <Quantity>1000.00</Quantity>
      <UnitOfMeasure>100 מ'ל</UnitOfMeasure>
      <bIsWeighted>0</bIsWeighted>
      <QtyInPackage>לא ידוע</QtyInPackage>
      <ItemPrice>89.90</ItemPrice>
      <UnitOfMeasurePrice>0.09</UnitOfMeasurePrice>
      <AllowDiscount>1</AllowDiscount>
      <ItemStatus>2</ItemStatus>
    </Item>
    <Item>
      <PriceUpdateTime>2025-08-05T09:39:16.000</PriceUpdateTime>
      <ItemCode>7350041950141</ItemCode>
      <LastSaleDateTime>2015-01-01T00:00:00.000</LastSaleDateTime>
      <ItemType>1</ItemType>
      <ItemName>הרינג ליקר שרי 1 ליט</ItemName>
      <ManufactureName>לא ידוע</ManufactureName>
      <ManufactureCountry>לא ידוע</ManufactureCountry>
      <ManufactureItemDescription>הרינג ליקר שרי 1 ליט</ManufactureItemDescription>
      <UnitQty>מטרים</UnitQty>
      <Quantity>1000.00</Quantity>
      <UnitOfMeasure>100 מ'ל</UnitOfMeasure>
      <bIsWeighted>0</bIsWeighted>
      <QtyInPackage>לא ידוע</QtyInPackage>
      <ItemPrice>119.90</ItemPrice>
      <UnitOfMeasurePrice>0.12</UnitOfMeasurePrice>
      <AllowDiscount>1</AllowDiscount>
      <ItemStatus>2</ItemStatus>
    </Item>
    <Item>
      <PriceUpdateTime>2025-08-06T10:48:05.000</PriceUpdateTime>
      <ItemCode>7290003208531</ItemCode>
      <LastSaleDateTime>2026-01-26T16:57:24.000</LastSaleDateTime>
      <ItemType>1</ItemType>
      <ItemName>וויסקי קינג רוברט 70</ItemName>
      <ManufactureName>לא ידוע</ManufactureName>
      <ManufactureCountry>לא ידוע</ManufactureCountry>
      <ManufactureItemDescription>וויסקי קינג רוברט 70</ManufactureItemDescription>
      <UnitQty>לא ידוע</UnitQty>
      <Quantity>700.00</Quantity>
      <UnitOfMeasure>100 מ"ל</UnitOfMeasure>
      <bIsWeighted>0</bIsWeighted>
      <QtyInPackage>לא ידוע</QtyInPackage>
      <ItemPrice>72.90</ItemPrice>
      <UnitOfMeasurePrice>0.10</UnitOfMeasurePrice>
      <AllowDiscount>1</AllowDiscount>
      <ItemStatus/>
    </Item>
    <Item>
      <PriceUpdateTime>2025-08-10T09:40:47.000</PriceUpdateTime>
      <ItemCode>4750142005000</ItemCode>
      <LastSaleDateTime>2015-01-01T00:00:00.000</LastSaleDateTime>
      <ItemType>1</ItemType>
      <ItemName>בירה צ'סו כהה</ItemName>
      <ManufactureName>לא ידוע</ManufactureName>
      <ManufactureCountry>לא ידוע</ManufactureCountry>
      <ManufactureItemDescription>בירה צ'סו כהה</ManufactureItemDescription>
      <UnitQty>לא ידוע</UnitQty>
      <Quantity>568.00</Quantity>
      <UnitOfMeasure>100 מ"ל</UnitOfMeasure>
      <bIsWeighted>0</bIsWeighted>
      <QtyInPackage>לא ידוע</QtyInPackage>
      <ItemPrice>9.90</ItemPrice>
      <UnitOfMeasurePrice>0.02</UnitOfMeasurePrice>
      <AllowDiscount>1</AllowDiscount>
      <ItemStatus>2</ItemStatus>
    </Item>
    <Item>
      <PriceUpdateTime>2025-08-10T09:40:48.000</PriceUpdateTime>
      <ItemCode>4750142016518</ItemCode>
      <LastSaleDateTime>2015-01-01T00:00:00.000</LastSaleDateTime>
      <ItemType>1</ItemType>
      <ItemName>בירה צ'סו לא מסונן</ItemName>
      <ManufactureName>לא ידוע</ManufactureName>
      <ManufactureCountry>לא ידוע</ManufactureCountry>
      <ManufactureItemDescription>בירה צ'סו לא מסונן</ManufactureItemDescription>
      <UnitQty>לא ידוע</UnitQty>
      <Quantity>500.00</Quantity>
      <UnitOfMeasure>100 מ"ל</UnitOfMeasure>
      <bIsWeighted>0</bIsWeighted>
      <QtyInPackage>לא ידוע</QtyInPackage>
      <ItemPrice>9.90</ItemPrice>
      <UnitOfMeasurePrice>0.02</UnitOfMeasurePrice>
      <AllowDiscount>1</AllowDiscount>
      <ItemStatus>2</ItemStatus>
    </Item>
    <Item>
      <PriceUpdateTime>2025-08-10T09:40:48.000</PriceUpdateTime>
      <ItemCode>7290019398288</ItemCode>
      <LastSaleDateTime>2026-01-15T21:53:19.000</LastSaleDateTime>
      <ItemType>1</ItemType>
      <ItemName>סטלה ארטואה - בק' 33</ItemName>
      <ManufactureName>לא ידוע</ManufactureName>
      <ManufactureCountry>לא ידוע</ManufactureCountry>
      <ManufactureItemDescription>סטלה ארטואה - בק' 33</ManufactureItemDescription>
      <UnitQty>לא ידוע</UnitQty>
      <Quantity>330.00</Quantity>
      <UnitOfMeasure>100 מ"ל</UnitOfMeasure>
      <bIsWeighted>0</bIsWeighted>
      <QtyInPackage>לא ידוע</QtyInPackage>
      <ItemPrice>7.90</ItemPrice>
      <UnitOfMeasurePrice>0.02</UnitOfMeasurePrice>
      <AllowDiscount>1</AllowDiscount>
      <ItemStatus/>
    </Item>
    <Item>
      <PriceUpdateTime>2025-08-17T14:01:47.000</PriceUpdateTime>
      <ItemCode>5099873017623</ItemCode>
      <LastSaleDateTime>2026-01-15T17:12:22.000</LastSaleDateTime>
      <ItemType>1</ItemType>
      <ItemName>ג'ק דניאלס טנסי אפל</ItemName>
      <ManufactureName>לא ידוע</ManufactureName>
      <ManufactureCountry>לא ידוע</ManufactureCountry>
      <ManufactureItemDescription>ג'ק דניאלס טנסי אפל</ManufactureItemDescription>
      <UnitQty>לא ידוע</UnitQty>
      <Quantity>1.00</Quantity>
      <UnitOfMeasure>יח'</UnitOfMeasure>
      <bIsWeighted>0</bIsWeighted>
      <QtyInPackage>לא ידוע</QtyInPackage>
      <ItemPrice>109.90</ItemPrice>
      <UnitOfMeasurePrice>109.90</UnitOfMeasurePrice>
      <AllowDiscount>1</AllowDiscount>
      <ItemStatus/>
    </Item>
    <Item>
      <PriceUpdateTime>2025-08-18T18:16:52.000</PriceUpdateTime>
      <ItemCode>7290003208579</ItemCode>
      <LastSaleDateTime>2015-01-01T00:00:00.000</LastSaleDateTime>
      <ItemType>1</ItemType>
      <ItemName>גרייגוס וודקה 1 ליטר</ItemName>
      <ManufactureName>לא ידוע</ManufactureName>
      <ManufactureCountry>לא ידוע</ManufactureCountry>
      <ManufactureItemDescription>גרייגוס וודקה 1 ליטר</ManufactureItemDescription>
      <UnitQty>ליטר</UnitQty>
      <Quantity>1.00</Quantity>
      <UnitOfMeasure>ליטר    </UnitOfMeasure>
      <bIsWeighted>0</bIsWeighted>
      <QtyInPackage>לא ידוע</QtyInPackage>
      <ItemPrice>164.90</ItemPrice>
      <UnitOfMeasurePrice>164.90</UnitOfMeasurePrice>
      <AllowDiscount>1</AllowDiscount>
      <ItemStatus>2</ItemStatus>
    </Item>
    <Item>
      <PriceUpdateTime>2025-08-19T11:52:46.000</PriceUpdateTime>
      <ItemCode>7290008801089</ItemCode>
      <LastSaleDateTime>2015-01-01T00:00:00.000</LastSaleDateTime>
      <ItemType>1</ItemType>
      <ItemName>קברנה סובניון P.C</ItemName>
      <ManufactureName>לא ידוע</ManufactureName>
      <ManufactureCountry>לא ידוע</ManufactureCountry>
      <ManufactureItemDescription>קברנה סובניון P.C</ManufactureItemDescription>
      <UnitQty>גרם</UnitQty>
      <Quantity>375.00</Quantity>
      <UnitOfMeasure>100 גרם</UnitOfMeasure>
      <bIsWeighted>0</bIsWeighted>
      <QtyInPackage>לא ידוע</QtyInPackage>
      <ItemPrice>19.90</ItemPrice>
      <UnitOfMeasurePrice>5.31</UnitOfMeasurePrice>
      <AllowDiscount>1</AllowDiscount>
      <ItemStatus>2</ItemStatus>
    </Item>
    <Item>
      <PriceUpdateTime>2025-08-19T14:08:03.000</PriceUpdateTime>
      <ItemCode>80686000440</ItemCode>
      <LastSaleDateTime>2026-01-13T11:27:42.000</LastSaleDateTime>
      <ItemType>1</ItemType>
      <ItemName>ג'ים בים לבן כשר</ItemName>
      <ManufactureName>לא ידוע</ManufactureName>
      <ManufactureCountry>לא ידוע</ManufactureCountry>
      <ManufactureItemDescription>ג'ים בים לבן כשר</ManufactureItemDescription>
      <UnitQty>לא ידוע</UnitQty>
      <Quantity>700.00</Quantity>
      <UnitOfMeasure>100 מ"ל</UnitOfMeasure>
      <bIsWeighted>0</bIsWeighted>
      <QtyInPackage>לא ידוע</QtyInPackage>
      <ItemPrice>89.90</ItemPrice>
      <UnitOfMeasurePrice>0.13</UnitOfMeasurePrice>
      <AllowDiscount>1</AllowDiscount>
      <ItemStatus/>
    </Item>
    <Item>
      <PriceUpdateTime>2025-08-19T14:08:04.000</PriceUpdateTime>
      <ItemCode>5060045590190</ItemCode>
      <LastSaleDateTime>2026-01-28T09:43:58.000</LastSaleDateTime>
      <ItemType>1</ItemType>
      <ItemName>ג'ים בים דבש כשר</ItemName>
      <ManufactureName>לא ידוע</ManufactureName>
      <ManufactureCountry>לא ידוע</ManufactureCountry>
      <ManufactureItemDescription>ג'ים בים דבש כשר</ManufactureItemDescription>
      <UnitQty>לא ידוע</UnitQty>
      <Quantity>1.00</Quantity>
      <UnitOfMeasure>יח'</UnitOfMeasure>
      <bIsWeighted>0</bIsWeighted>
      <QtyInPackage>לא ידוע</QtyInPackage>
      <ItemPrice>89.90</ItemPrice>
      <UnitOfMeasurePrice>89.90</UnitOfMeasurePrice>
      <AllowDiscount>1</AllowDiscount>
      <ItemStatus/>
    </Item>
    <Item>
      <PriceUpdateTime>2025-08-19T17:02:57.000</PriceUpdateTime>
      <ItemCode>8410793283832</ItemCode>
      <LastSaleDateTime>2026-01-22T15:16:56.000</LastSaleDateTime>
      <ItemType>1</ItemType>
      <ItemName>בירה אסטרייה דאם שיש</ItemName>
      <ManufactureName>לא ידוע</ManufactureName>
      <ManufactureCountry>לא ידוע</ManufactureCountry>
      <ManufactureItemDescription>בירה אסטרייה דאם שיש</ManufactureItemDescription>
      <UnitQty>ליטר</UnitQty>
      <Quantity>1.98</Quantity>
      <UnitOfMeasure>ליטר    </UnitOfMeasure>
      <bIsWeighted>0</bIsWeighted>
      <QtyInPackage>לא ידוע</QtyInPackage>
      <ItemPrice>37.80</ItemPrice>
      <UnitOfMeasurePrice>19.09</UnitOfMeasurePrice>
      <AllowDiscount>1</AllowDiscount>
      <ItemStatus/>
    </Item>
    <Item>
      <PriceUpdateTime>2025-08-20T08:21:23.000</PriceUpdateTime>
      <ItemCode>7290000024455</ItemCode>
      <LastSaleDateTime>2015-01-01T00:00:00.000</LastSaleDateTime>
      <ItemType>1</ItemType>
      <ItemName>גליה מתוק 187 מ"ל</ItemName>
      <ManufactureName>טמפו</ManufactureName>
      <ManufactureCountry>ישראל</ManufactureCountry>
      <ManufactureItemDescription>גליה מתוק 187 מ"ל</ManufactureItemDescription>
      <UnitQty>לא ידוע</UnitQty>
      <Quantity>187.00</Quantity>
      <UnitOfMeasure>100 מ"ל</UnitOfMeasure>
      <bIsWeighted>0</bIsWeighted>
      <QtyInPackage>לא ידוע</QtyInPackage>
      <ItemPrice>5.90</ItemPrice>
      <UnitOfMeasurePrice>0.03</UnitOfMeasurePrice>
      <AllowDiscount>1</AllowDiscount>
      <ItemStatus>2</ItemStatus>
    </Item>
    <Item>
      <PriceUpdateTime>2025-08-22T08:27:51.000</PriceUpdateTime>
      <ItemCode>633824208040</ItemCode>
      <LastSaleDateTime>2015-01-01T00:00:00.000</LastSaleDateTime>
      <ItemType>1</ItemType>
      <ItemName>ואן גוך דאבל אספרסו</ItemName>
      <ManufactureName>לא ידוע</ManufactureName>
      <ManufactureCountry>לא ידוע</ManufactureCountry>
      <ManufactureItemDescription>ואן גוך דאבל אספרסו</ManufactureItemDescription>
      <UnitQty>לא ידוע</UnitQty>
      <Quantity>750.00</Quantity>
      <UnitOfMeasure>100 מ"ל</UnitOfMeasure>
      <bIsWeighted>0</bIsWeighted>
      <QtyInPackage>לא ידוע</QtyInPackage>
      <ItemPrice>191.90</ItemPrice>
      <UnitOfMeasurePrice>0.26</UnitOfMeasurePrice>
      <AllowDiscount>1</AllowDiscount>
      <ItemStatus>2</ItemStatus>
    </Item>
    <Item>
      <PriceUpdateTime>2025-08-27T10:50:38.000</PriceUpdateTime>
      <ItemCode>7290000024530</ItemCode>
      <LastSaleDateTime>2015-01-01T00:00:00.000</LastSaleDateTime>
      <ItemType>1</ItemType>
      <ItemName>יין אדום קידוש 750 מ</ItemName>
      <ManufactureName>לא ידוע</ManufactureName>
      <ManufactureCountry>לא ידוע</ManufactureCountry>
      <ManufactureItemDescription>יין אדום קידוש 750 מ</ManufactureItemDescription>
      <UnitQty>לא ידוע</UnitQty>
      <Quantity>750.00</Quantity>
      <UnitOfMeasure>100 מ"ל</UnitOfMeasure>
      <bIsWeighted>0</bIsWeighted>
      <QtyInPackage>לא ידוע</QtyInPackage>
      <ItemPrice>15.50</ItemPrice>
      <UnitOfMeasurePrice>0.02</UnitOfMeasurePrice>
      <AllowDiscount>1</AllowDiscount>
      <ItemStatus>2</ItemStatus>
    </Item>
    <Item>
      <PriceUpdateTime>2025-08-27T10:50:38.000</PriceUpdateTime>
      <ItemCode>7290000521015</ItemCode>
      <LastSaleDateTime>2026-01-14T14:07:09.000</LastSaleDateTime>
      <ItemType>1</ItemType>
      <ItemName>סגל לבן יבש 750 מ"ל</ItemName>
      <ManufactureName>טמפו</ManufactureName>
      <ManufactureCountry>ישראל</ManufactureCountry>
      <ManufactureItemDescription>סגל לבן יבש 750 מ"ל</ManufactureItemDescription>
      <UnitQty>לא ידוע</UnitQty>
      <Quantity>750.00</Quantity>
      <UnitOfMeasure>100 מ"ל</UnitOfMeasure>
      <bIsWeighted>0</bIsWeighted>
      <QtyInPackage>לא ידוע</QtyInPackage>
      <ItemPrice>21.50</ItemPrice>
      <UnitOfMeasurePrice>0.03</UnitOfMeasurePrice>
      <AllowDiscount>1</AllowDiscount>
      <ItemStatus/>
    </Item>
    <Item>
      <PriceUpdateTime>2025-08-27T10:50:38.000</PriceUpdateTime>
      <ItemCode>7290000521022</ItemCode>
      <LastSaleDateTime>2026-01-18T12:45:22.000</LastSaleDateTime>
      <ItemType>1</ItemType>
      <ItemName>סגל לבן חצי יבש 750</ItemName>
      <ManufactureName>טמפו</ManufactureName>
      <ManufactureCountry>ישראל</ManufactureCountry>
      <ManufactureItemDescription>סגל לבן חצי יבש 750 מ"ל</ManufactureItemDescription>
      <UnitQty>לא ידוע</UnitQty>
      <Quantity>750.00</Quantity>
      <UnitOfMeasure>100 מ"ל</UnitOfMeasure>
      <bIsWeighted>0</bIsWeighted>
      <QtyInPackage>לא ידוע</QtyInPackage>
      <ItemPrice>21.50</ItemPrice>
      <UnitOfMeasurePrice>0.03</UnitOfMeasurePrice>
      <AllowDiscount>1</AllowDiscount>
      <ItemStatus/>
    </Item>
    <Item>
      <PriceUpdateTime>2025-08-27T10:50:38.000</PriceUpdateTime>
      <ItemCode>7290008464024</ItemCode>
      <LastSaleDateTime>2026-01-26T20:37:46.000</LastSaleDateTime>
      <ItemType>1</ItemType>
      <ItemName>בירה גולדסטאר לא מסו</ItemName>
      <ManufactureName>טמפו</ManufactureName>
      <ManufactureCountry>ישראל</ManufactureCountry>
      <ManufactureItemDescription>גולדסטאר לא מסונן פחית 50</ManufactureItemDescription>
      <UnitQty>לא ידוע</UnitQty>
      <Quantity>500.00</Quantity>
      <UnitOfMeasure>100 מ"ל</UnitOfMeasure>
      <bIsWeighted>0</bIsWeighted>
      <QtyInPackage>לא ידוע</QtyInPackage>
      <ItemPrice>8.90</ItemPrice>
      <UnitOfMeasurePrice>0.02</UnitOfMeasurePrice>
      <AllowDiscount>1</AllowDiscount>
      <ItemStatus/>
    </Item>
    <Item>
      <PriceUpdateTime>2025-08-27T10:50:38.000</PriceUpdateTime>
      <ItemCode>7290008464673</ItemCode>
      <LastSaleDateTime>2026-01-21T19:09:28.000</LastSaleDateTime>
      <ItemType>1</ItemType>
      <ItemName>בירה גולדסטאר פחית 5</ItemName>
      <ManufactureName>לא ידוע</ManufactureName>
      <ManufactureCountry>לא ידוע</ManufactureCountry>
      <ManufactureItemDescription>בירה גולדסטאר פחית 5</ManufactureItemDescription>
      <UnitQty>לא ידוע</UnitQty>
      <Quantity>500.00</Quantity>
      <UnitOfMeasure>100 מ"ל</UnitOfMeasure>
      <bIsWeighted>0</bIsWeighted>
      <QtyInPackage>לא ידוע</QtyInPackage>
      <ItemPrice>8.60</ItemPrice>
      <UnitOfMeasurePrice>0.02</UnitOfMeasurePrice>
      <AllowDiscount>1</AllowDiscount>
      <ItemStatus/>
    </Item>
    <Item>
      <PriceUpdateTime>2025-08-27T10:50:38.000</PriceUpdateTime>
      <ItemCode>7290008464697</ItemCode>
      <LastSaleDateTime>2026-01-29T20:48:18.000</LastSaleDateTime>
      <ItemType>1</ItemType>
      <ItemName>בירה מכבי חזקה 7.9%</ItemName>
      <ManufactureName>טמפו</ManufactureName>
      <ManufactureCountry>ישראל</ManufactureCountry>
      <ManufactureItemDescription>מכבי חזקה 7.9% ח"פ 330 בק</ManufactureItemDescription>
      <UnitQty>ליטר</UnitQty>
      <Quantity>1.98</Quantity>
      <UnitOfMeasure>ליטר    </UnitOfMeasure>
      <bIsWeighted>0</bIsWeighted>
      <QtyInPackage>לא ידוע</QtyInPackage>
      <ItemPrice>35.90</ItemPrice>
      <UnitOfMeasurePrice>18.13</UnitOfMeasurePrice>
      <AllowDiscount>1</AllowDiscount>
      <ItemStatus/>
    </Item>
    <Item>
      <PriceUpdateTime>2025-08-27T10:50:38.000</PriceUpdateTime>
      <ItemCode>7290008464741</ItemCode>
      <LastSaleDateTime>2026-01-29T18:53:55.000</LastSaleDateTime>
      <ItemType>1</ItemType>
      <ItemName>בירה גולדסטאר שישייה</ItemName>
      <ManufactureName>טמפו</ManufactureName>
      <ManufactureCountry>ישראל</ManufactureCountry>
      <ManufactureItemDescription>גולדסטאר ח"פ 330 בקבוק שי</ManufactureItemDescription>
      <UnitQty>ליטר</UnitQty>
      <Quantity>1.98</Quantity>
      <UnitOfMeasure>ליטר    </UnitOfMeasure>
      <bIsWeighted>0</bIsWeighted>
      <QtyInPackage>לא ידוע</QtyInPackage>
      <ItemPrice>32.90</ItemPrice>
      <UnitOfMeasurePrice>16.62</UnitOfMeasurePrice>
      <AllowDiscount>1</AllowDiscount>
      <ItemStatus/>
    </Item>
    <Item>
      <PriceUpdateTime>2025-08-27T10:50:38.000</PriceUpdateTime>
      <ItemCode>7290015350150</ItemCode>
      <LastSaleDateTime>2026-01-22T15:16:56.000</LastSaleDateTime>
      <ItemType>1</ItemType>
      <ItemName>סגל אדום חצי יבש 750</ItemName>
      <ManufactureName>לא ידוע</ManufactureName>
      <ManufactureCountry>לא ידוע</ManufactureCountry>
      <ManufactureItemDescription>סגל אדום חצי יבש 750</ManufactureItemDescription>
      <UnitQty>לא ידוע</UnitQty>
      <Quantity>750.00</Quantity>
      <UnitOfMeasure>100 מ"ל</UnitOfMeasure>
      <bIsWeighted>0</bIsWeighted>
      <QtyInPackage>לא ידוע</QtyInPackage>
      <ItemPrice>21.50</ItemPrice>
      <UnitOfMeasurePrice>0.03</UnitOfMeasurePrice>
      <AllowDiscount>1</AllowDiscount>
      <ItemStatus/>
    </Item>
    <Item>
      <PriceUpdateTime>2025-08-27T10:50:38.000</PriceUpdateTime>
      <ItemCode>7312040017683</ItemCode>
      <LastSaleDateTime>2026-01-28T14:44:11.000</LastSaleDateTime>
      <ItemType>1</ItemType>
      <ItemName>אבסולוט וודקה 700 מ"</ItemName>
      <ManufactureName>אבסולוט</ManufactureName>
      <ManufactureCountry>לא ידוע</ManufactureCountry>
      <ManufactureItemDescription>אבסולוט וודקה 700 מ"ל</ManufactureItemDescription>
      <UnitQty>לא ידוע</UnitQty>
      <Quantity>700.00</Quantity>
      <UnitOfMeasure>100 מ"ל</UnitOfMeasure>
      <bIsWeighted>0</bIsWeighted>
      <QtyInPackage>לא ידוע</QtyInPackage>
      <ItemPrice>69.90</ItemPrice>
      <UnitOfMeasurePrice>0.10</UnitOfMeasurePrice>
      <AllowDiscount>1</AllowDiscount>
      <ItemStatus/>
    </Item>
    <Item>
      <PriceUpdateTime>2025-08-27T10:50:38.000</PriceUpdateTime>
      <ItemCode>7290008464802</ItemCode>
      <LastSaleDateTime>2015-01-01T00:00:00.000</LastSaleDateTime>
      <ItemType>1</ItemType>
      <ItemName>הייניקן בירה פח 6*33</ItemName>
      <ManufactureName>לא ידוע</ManufactureName>
      <ManufactureCountry>לא ידוע</ManufactureCountry>
      <ManufactureItemDescription>הייניקן בירה פח 6*33</ManufactureItemDescription>
      <UnitQty>ליטר</UnitQty>
      <Quantity>1.98</Quantity>
      <UnitOfMeasure>ליטר    </UnitOfMeasure>
      <bIsWeighted>0</bIsWeighted>
      <QtyInPackage>לא ידוע</QtyInPackage>
      <ItemPrice>32.90</ItemPrice>
      <UnitOfMeasurePrice>16.62</UnitOfMeasurePrice>
      <AllowDiscount>1</AllowDiscount>
      <ItemStatus>2</ItemStatus>
    </Item>
    <Item>
      <PriceUpdateTime>2025-09-03T09:03:14.000</PriceUpdateTime>
      <ItemCode>7290008464703</ItemCode>
      <LastSaleDateTime>2025-12-24T00:00:00.000</LastSaleDateTime>
      <ItemType>1</ItemType>
      <ItemName>בירה מכבי ח"פ 330 בק</ItemName>
      <ManufactureName>טמפו</ManufactureName>
      <ManufactureCountry>ישראל</ManufactureCountry>
      <ManufactureItemDescription>מכבי ח"פ 330 בקבוק שישייה</ManufactureItemDescription>
      <UnitQty>לא ידוע</UnitQty>
      <Quantity>330.00</Quantity>
      <UnitOfMeasure>100 מ"ל</UnitOfMeasure>
      <bIsWeighted>0</bIsWeighted>
      <QtyInPackage>לא ידוע</QtyInPackage>
      <ItemPrice>29.90</ItemPrice>
      <UnitOfMeasurePrice>0.09</UnitOfMeasurePrice>
      <AllowDiscount>1</AllowDiscount>
      <ItemStatus/>
    </Item>
    <Item>
      <PriceUpdateTime>2025-09-03T09:03:14.000</PriceUpdateTime>
      <ItemCode>7290015348072</ItemCode>
      <LastSaleDateTime>2015-01-01T00:00:00.000</LastSaleDateTime>
      <ItemType>1</ItemType>
      <ItemName>למברוסקו אמיליאנו אד</ItemName>
      <ManufactureName>טמפו</ManufactureName>
      <ManufactureCountry>ישראל</ManufactureCountry>
      <ManufactureItemDescription>למברוסקו אמיליאנו אדום 75</ManufactureItemDescription>
      <UnitQty>לא ידוע</UnitQty>
      <Quantity>750.00</Quantity>
      <UnitOfMeasure>100 מ"ל</UnitOfMeasure>
      <bIsWeighted>0</bIsWeighted>
      <QtyInPackage>לא ידוע</QtyInPackage>
      <ItemPrice>29.90</ItemPrice>
      <UnitOfMeasurePrice>0.04</UnitOfMeasurePrice>
      <AllowDiscount>1</AllowDiscount>
      <ItemStatus>2</ItemStatus>
    </Item>
    <Item>
      <PriceUpdateTime>2025-09-03T09:03:14.000</PriceUpdateTime>
      <ItemCode>7290015348089</ItemCode>
      <LastSaleDateTime>2015-01-01T00:00:00.000</LastSaleDateTime>
      <ItemType>1</ItemType>
      <ItemName>למברוסקו אמיליאנו אד</ItemName>
      <ManufactureName>טמפו</ManufactureName>
      <ManufactureCountry>ישראל</ManufactureCountry>
      <ManufactureItemDescription>למברוסקו אמיליאנו אדום 75</ManufactureItemDescription>
      <UnitQty>לא ידוע</UnitQty>
      <Quantity>750.00</Quantity>
      <UnitOfMeasure>100 מ"ל</UnitOfMeasure>
      <bIsWeighted>0</bIsWeighted>
      <QtyInPackage>לא ידוע</QtyInPackage>
      <ItemPrice>29.90</ItemPrice>
      <UnitOfMeasurePrice>0.04</UnitOfMeasurePrice>
      <AllowDiscount>1</AllowDiscount>
      <ItemStatus>2</ItemStatus>
    </Item>
    <Item>
      <PriceUpdateTime>2025-09-03T09:03:14.000</PriceUpdateTime>
      <ItemCode>7290015348096</ItemCode>
      <LastSaleDateTime>2015-01-01T00:00:00.000</LastSaleDateTime>
      <ItemType>1</ItemType>
      <ItemName>למברוסקו אמיליאנו רו</ItemName>
      <ManufactureName>טמפו</ManufactureName>
      <ManufactureCountry>ישראל</ManufactureCountry>
      <ManufactureItemDescription>למברוסקו אמיליאנו רוזה 75</ManufactureItemDescription>
      <UnitQty>לא ידוע</UnitQty>
      <Quantity>750.00</Quantity>
      <UnitOfMeasure>100 מ"ל</UnitOfMeasure>
      <bIsWeighted>0</bIsWeighted>
      <QtyInPackage>לא ידוע</QtyInPackage>
      <ItemPrice>29.90</ItemPrice>
      <UnitOfMeasurePrice>0.04</UnitOfMeasurePrice>
      <AllowDiscount>1</AllowDiscount>
      <ItemStatus>2</ItemStatus>
    </Item>
    <Item>
      <PriceUpdateTime>2025-09-03T09:03:14.000</PriceUpdateTime>
      <ItemCode>8023354378115</ItemCode>
      <LastSaleDateTime>2015-01-01T00:00:00.000</LastSaleDateTime>
      <ItemType>1</ItemType>
      <ItemName>יין רוזה טיאמו 750 מ</ItemName>
      <ManufactureName>לא ידוע</ManufactureName>
      <ManufactureCountry>לא ידוע</ManufactureCountry>
      <ManufactureItemDescription>יין רוזה טיאמו 750 מ</ManufactureItemDescription>
      <UnitQty>לא ידוע</UnitQty>
      <Quantity>750.00</Quantity>
      <UnitOfMeasure>100 מ"ל</UnitOfMeasure>
      <bIsWeighted>0</bIsWeighted>
      <QtyInPackage>לא ידוע</QtyInPackage>
      <ItemPrice>49.90</ItemPrice>
      <UnitOfMeasurePrice>0.07</UnitOfMeasurePrice>
      <AllowDiscount>1</AllowDiscount>
      <ItemStatus>2</ItemStatus>
    </Item>
    <Item>
      <PriceUpdateTime>2025-09-16T09:33:16.000</PriceUpdateTime>
      <ItemCode>7290011018474</ItemCode>
      <LastSaleDateTime>2026-01-25T16:40:16.000</LastSaleDateTime>
      <ItemType>1</ItemType>
      <ItemName>סומרסבי סיידר בק' 33</ItemName>
      <ManufactureName>החברה המרכזית</ManufactureName>
      <ManufactureCountry>לא ידוע</ManufactureCountry>
      <ManufactureItemDescription>סומרסבי סיידר בק' 33</ManufactureItemDescription>
      <UnitQty>לא ידוע</UnitQty>
      <Quantity>330.00</Quantity>
      <UnitOfMeasure>100 מ"ל</UnitOfMeasure>
      <bIsWeighted>0</bIsWeighted>
      <QtyInPackage>לא ידוע</QtyInPackage>
      <ItemPrice>9.90</ItemPrice>
      <UnitOfMeasurePrice>0.03</UnitOfMeasurePrice>
      <AllowDiscount>1</AllowDiscount>
      <ItemStatus/>
    </Item>
    <Item>
      <PriceUpdateTime>2025-09-16T09:33:16.000</PriceUpdateTime>
      <ItemCode>7290110116750</ItemCode>
      <LastSaleDateTime>2026-01-27T17:48:14.000</LastSaleDateTime>
      <ItemType>1</ItemType>
      <ItemName>סומרסבי אוכמניות בקב</ItemName>
      <ManufactureName>לא ידוע</ManufactureName>
      <ManufactureCountry>לא ידוע</ManufactureCountry>
      <ManufactureItemDescription>סומרסבי אוכמניות בקב</ManufactureItemDescription>
      <UnitQty>מטרים</UnitQty>
      <Quantity>330.00</Quantity>
      <UnitOfMeasure>100 מ'ל</UnitOfMeasure>
      <bIsWeighted>0</bIsWeighted>
      <QtyInPackage>לא ידוע</QtyInPackage>
      <ItemPrice>9.90</ItemPrice>
      <UnitOfMeasurePrice>0.03</UnitOfMeasurePrice>
      <AllowDiscount>1</AllowDiscount>
      <ItemStatus/>
    </Item>
    <Item>
      <PriceUpdateTime>2025-09-17T10:09:06.000</PriceUpdateTime>
      <ItemCode>7290015781107</ItemCode>
      <LastSaleDateTime>2015-01-01T00:00:00.000</LastSaleDateTime>
      <ItemType>1</ItemType>
      <ItemName>סנגובזה אימפרשן 750</ItemName>
      <ManufactureName>טפרברג</ManufactureName>
      <ManufactureCountry>לא ידוע</ManufactureCountry>
      <ManufactureItemDescription>סנגובזה אימפרשן 750</ManufactureItemDescription>
      <UnitQty>לא ידוע</UnitQty>
      <Quantity>750.00</Quantity>
      <UnitOfMeasure>100 מ"ל</UnitOfMeasure>
      <bIsWeighted>0</bIsWeighted>
      <QtyInPackage>לא ידוע</QtyInPackage>
      <ItemPrice>48.80</ItemPrice>
      <UnitOfMeasurePrice>0.07</UnitOfMeasurePrice>
      <AllowDiscount>1</AllowDiscount>
      <ItemStatus>2</ItemStatus>
    </Item>
    <Item>
      <PriceUpdateTime>2025-09-17T10:09:06.000</PriceUpdateTime>
      <ItemCode>7290015781114</ItemCode>
      <LastSaleDateTime>2015-01-01T00:00:00.000</LastSaleDateTime>
      <ItemType>1</ItemType>
      <ItemName>מרלו אימפרשן 750 מ''</ItemName>
      <ManufactureName>טפרברג</ManufactureName>
      <ManufactureCountry>לא ידוע</ManufactureCountry>
      <ManufactureItemDescription>מרלו אימפרשן 750 מ''</ManufactureItemDescription>
      <UnitQty>לא ידוע</UnitQty>
      <Quantity>750.00</Quantity>
      <UnitOfMeasure>100 מ"ל</UnitOfMeasure>
      <bIsWeighted>0</bIsWeighted>
      <QtyInPackage>לא ידוע</QtyInPackage>
      <ItemPrice>48.80</ItemPrice>
      <UnitOfMeasurePrice>0.07</UnitOfMeasurePrice>
      <AllowDiscount>1</AllowDiscount>
      <ItemStatus>2</ItemStatus>
    </Item>
    <Item>
      <PriceUpdateTime>2025-09-17T10:09:06.000</PriceUpdateTime>
      <ItemCode>7290015781121</ItemCode>
      <LastSaleDateTime>2015-01-01T00:00:00.000</LastSaleDateTime>
      <ItemType>1</ItemType>
      <ItemName>קברנה סובניון אימפרש</ItemName>
      <ManufactureName>טפרברג</ManufactureName>
      <ManufactureCountry>לא ידוע</ManufactureCountry>
      <ManufactureItemDescription>קברנה סובניון אימפרש</ManufactureItemDescription>
      <UnitQty>לא ידוע</UnitQty>
      <Quantity>750.00</Quantity>
      <UnitOfMeasure>100 מ"ל</UnitOfMeasure>
      <bIsWeighted>0</bIsWeighted>
      <QtyInPackage>לא ידוע</QtyInPackage>
      <ItemPrice>48.80</ItemPrice>
      <UnitOfMeasurePrice>0.07</UnitOfMeasurePrice>
      <AllowDiscount>1</AllowDiscount>
      <ItemStatus>2</ItemStatus>
    </Item>
    <Item>
      <PriceUpdateTime>2025-09-17T10:09:06.000</PriceUpdateTime>
      <ItemCode>7290015781138</ItemCode>
      <LastSaleDateTime>2015-01-01T00:00:00.000</LastSaleDateTime>
      <ItemType>1</ItemType>
      <ItemName>שרדונה אימפרשן</ItemName>
      <ManufactureName>טפרברג</ManufactureName>
      <ManufactureCountry>לא ידוע</ManufactureCountry>
      <ManufactureItemDescription>שרדונה אימפרשן</ManufactureItemDescription>
      <UnitQty>לא ידוע</UnitQty>
      <Quantity>750.00</Quantity>
      <UnitOfMeasure>100 מ"ל</UnitOfMeasure>
      <bIsWeighted>0</bIsWeighted>
      <QtyInPackage>לא ידוע</QtyInPackage>
      <ItemPrice>48.80</ItemPrice>
      <UnitOfMeasurePrice>0.07</UnitOfMeasurePrice>
      <AllowDiscount>1</AllowDiscount>
      <ItemStatus>2</ItemStatus>
    </Item>
    <Item>
      <PriceUpdateTime>2025-09-17T10:09:06.000</PriceUpdateTime>
      <ItemCode>7290015781152</ItemCode>
      <LastSaleDateTime>2015-01-01T00:00:00.000</LastSaleDateTime>
      <ItemType>1</ItemType>
      <ItemName>רוזה אימפרשן 750 מ''</ItemName>
      <ManufactureName>טפרברג</ManufactureName>
      <ManufactureCountry>לא ידוע</ManufactureCountry>
      <ManufactureItemDescription>רוזה אימפרשן 750 מ''</ManufactureItemDescription>
      <UnitQty>לא ידוע</UnitQty>
      <Quantity>750.00</Quantity>
      <UnitOfMeasure>100 מ"ל</UnitOfMeasure>
      <bIsWeighted>0</bIsWeighted>
      <QtyInPackage>לא ידוע</QtyInPackage>
      <ItemPrice>48.80</ItemPrice>
      <UnitOfMeasurePrice>0.07</UnitOfMeasurePrice>
      <AllowDiscount>1</AllowDiscount>
      <ItemStatus>2</ItemStatus>
    </Item>
    <Item>
      <PriceUpdateTime>2025-09-17T10:09:06.000</PriceUpdateTime>
      <ItemCode>7290015781169</ItemCode>
      <LastSaleDateTime>2015-01-01T00:00:00.000</LastSaleDateTime>
      <ItemType>1</ItemType>
      <ItemName>אדום חצי יבש אימפרשן</ItemName>
      <ManufactureName>טפרברג</ManufactureName>
      <ManufactureCountry>לא ידוע</ManufactureCountry>
      <ManufactureItemDescription>אדום חצי יבש אימפרשן</ManufactureItemDescription>
      <UnitQty>לא ידוע</UnitQty>
      <Quantity>750.00</Quantity>
      <UnitOfMeasure>100 מ"ל</UnitOfMeasure>
      <bIsWeighted>0</bIsWeighted>
      <QtyInPackage>לא ידוע</QtyInPackage>
      <ItemPrice>48.80</ItemPrice>
      <UnitOfMeasurePrice>0.07</UnitOfMeasurePrice>
      <AllowDiscount>1</AllowDiscount>
      <ItemStatus>2</ItemStatus>
    </Item>
    <Item>
      <PriceUpdateTime>2025-09-17T10:09:06.000</PriceUpdateTime>
      <ItemCode>7290015781282</ItemCode>
      <LastSaleDateTime>2015-01-01T00:00:00.000</LastSaleDateTime>
      <ItemType>1</ItemType>
      <ItemName>גוורצטרמינר אימפרשן</ItemName>
      <ManufactureName>טפרברג</ManufactureName>
      <ManufactureCountry>לא ידוע</ManufactureCountry>
      <ManufactureItemDescription>גוורצטרמינר אימפרשן</ManufactureItemDescription>
      <UnitQty>לא ידוע</UnitQty>
      <Quantity>750.00</Quantity>
      <UnitOfMeasure>100 מ"ל</UnitOfMeasure>
      <bIsWeighted>0</bIsWeighted>
      <QtyInPackage>לא ידוע</QtyInPackage>
      <ItemPrice>48.80</ItemPrice>
      <UnitOfMeasurePrice>0.07</UnitOfMeasurePrice>
      <AllowDiscount>1</AllowDiscount>
      <ItemStatus>2</ItemStatus>
    </Item>
    <Item>
      <PriceUpdateTime>2025-09-17T10:09:06.000</PriceUpdateTime>
      <ItemCode>7290015781305</ItemCode>
      <LastSaleDateTime>2025-11-17T00:00:00.000</LastSaleDateTime>
      <ItemType>1</ItemType>
      <ItemName>סירה אימפרשן 750 מ''</ItemName>
      <ManufactureName>טפרברג</ManufactureName>
      <ManufactureCountry>לא ידוע</ManufactureCountry>
      <ManufactureItemDescription>סירה אימפרשן 750 מ''</ManufactureItemDescription>
      <UnitQty>לא ידוע</UnitQty>
      <Quantity>750.00</Quantity>
      <UnitOfMeasure>100 מ"ל</UnitOfMeasure>
      <bIsWeighted>0</bIsWeighted>
      <QtyInPackage>לא ידוע</QtyInPackage>
      <ItemPrice>48.80</ItemPrice>
      <UnitOfMeasurePrice>0.07</UnitOfMeasurePrice>
      <AllowDiscount>1</AllowDiscount>
      <ItemStatus/>
    </Item>
    <Item>
      <PriceUpdateTime>2025-09-17T10:09:06.000</PriceUpdateTime>
      <ItemCode>7290017289601</ItemCode>
      <LastSaleDateTime>2015-01-01T00:00:00.000</LastSaleDateTime>
      <ItemType>1</ItemType>
      <ItemName>בלנד לבן אימפרשן 750</ItemName>
      <ManufactureName>לא ידוע</ManufactureName>
      <ManufactureCountry>לא ידוע</ManufactureCountry>
      <ManufactureItemDescription>בלנד לבן אימפרשן 750</ManufactureItemDescription>
      <UnitQty>לא ידוע</UnitQty>
      <Quantity>750.00</Quantity>
      <UnitOfMeasure>100 מ"ל</UnitOfMeasure>
      <bIsWeighted>0</bIsWeighted>
      <QtyInPackage>לא ידוע</QtyInPackage>
      <ItemPrice>48.80</ItemPrice>
      <UnitOfMeasurePrice>0.07</UnitOfMeasurePrice>
      <AllowDiscount>1</AllowDiscount>
      <ItemStatus>2</ItemStatus>
    </Item>
    <Item>
      <PriceUpdateTime>2025-09-17T10:09:06.000</PriceUpdateTime>
      <ItemCode>7290017289618</ItemCode>
      <LastSaleDateTime>2015-01-01T00:00:00.000</LastSaleDateTime>
      <ItemType>1</ItemType>
      <ItemName>פטיט סירה אימפרשן 75</ItemName>
      <ManufactureName>לא ידוע</ManufactureName>
      <ManufactureCountry>לא ידוע</ManufactureCountry>
      <ManufactureItemDescription>פטיט סירה אימפרשן 75</ManufactureItemDescription>
      <UnitQty>לא ידוע</UnitQty>
      <Quantity>750.00</Quantity>
      <UnitOfMeasure>100 מ"ל</UnitOfMeasure>
      <bIsWeighted>0</bIsWeighted>
      <QtyInPackage>לא ידוע</QtyInPackage>
      <ItemPrice>48.80</ItemPrice>
      <UnitOfMeasurePrice>0.07</UnitOfMeasurePrice>
      <AllowDiscount>1</AllowDiscount>
      <ItemStatus>2</ItemStatus>
    </Item>
    <Item>
      <PriceUpdateTime>2025-09-17T10:09:06.000</PriceUpdateTime>
      <ItemCode>7290015781145</ItemCode>
      <LastSaleDateTime>2015-01-01T00:00:00.000</LastSaleDateTime>
      <ItemType>1</ItemType>
      <ItemName>יין לבן מתוק בציר מא</ItemName>
      <ManufactureName>טפרברג</ManufactureName>
      <ManufactureCountry>לא ידוע</ManufactureCountry>
      <ManufactureItemDescription>יין לבן מתוק בציר מא</ManufactureItemDescription>
      <UnitQty>לא ידוע</UnitQty>
      <Quantity>750.00</Quantity>
      <UnitOfMeasure>100 מ"ל</UnitOfMeasure>
      <bIsWeighted>0</bIsWeighted>
      <QtyInPackage>לא ידוע</QtyInPackage>
      <ItemPrice>48.80</ItemPrice>
      <UnitOfMeasurePrice>0.07</UnitOfMeasurePrice>
      <AllowDiscount>1</AllowDiscount>
      <ItemStatus>2</ItemStatus>
    </Item>
    <Item>
      <PriceUpdateTime>2025-09-17T15:05:58.000</PriceUpdateTime>
      <ItemCode>7290015781008</ItemCode>
      <LastSaleDateTime>2015-01-01T00:00:00.000</LastSaleDateTime>
      <ItemType>1</ItemType>
      <ItemName>מרלו ויזון 750 מ''ל</ItemName>
      <ManufactureName>טפרברג</ManufactureName>
      <ManufactureCountry>לא ידוע</ManufactureCountry>
      <ManufactureItemDescription>מרלו ויזון 750 מ''ל</ManufactureItemDescription>
      <UnitQty>לא ידוע</UnitQty>
      <Quantity>750.00</Quantity>
      <UnitOfMeasure>100 מ"ל</UnitOfMeasure>
      <bIsWeighted>0</bIsWeighted>
      <QtyInPackage>לא ידוע</QtyInPackage>
      <ItemPrice>39.10</ItemPrice>
      <UnitOfMeasurePrice>0.05</UnitOfMeasurePrice>
      <AllowDiscount>1</AllowDiscount>
      <ItemStatus>2</ItemStatus>
    </Item>
    <Item>
      <PriceUpdateTime>2025-09-17T15:05:58.000</PriceUpdateTime>
      <ItemCode>7290015781015</ItemCode>
      <LastSaleDateTime>2015-01-01T00:00:00.000</LastSaleDateTime>
      <ItemType>1</ItemType>
      <ItemName>מלבק ויזון 750 מ''ל</ItemName>
      <ManufactureName>טפרברג</ManufactureName>
      <ManufactureCountry>לא ידוע</ManufactureCountry>
      <ManufactureItemDescription>מלבק ויזון 750 מ''ל</ManufactureItemDescription>
      <UnitQty>לא ידוע</UnitQty>
      <Quantity>750.00</Quantity>
      <UnitOfMeasure>100 מ"ל</UnitOfMeasure>
      <bIsWeighted>0</bIsWeighted>
      <QtyInPackage>לא ידוע</QtyInPackage>
      <ItemPrice>39.10</ItemPrice>
      <UnitOfMeasurePrice>0.05</UnitOfMeasurePrice>
      <AllowDiscount>1</AllowDiscount>
      <ItemStatus>2</ItemStatus>
    </Item>
    <Item>
      <PriceUpdateTime>2025-09-17T15:05:58.000</PriceUpdateTime>
      <ItemCode>7290015781046</ItemCode>
      <LastSaleDateTime>2015-01-01T00:00:00.000</LastSaleDateTime>
      <ItemType>1</ItemType>
      <ItemName>יין לבן חצי יבש ויזו</ItemName>
      <ManufactureName>טפרברג</ManufactureName>
      <ManufactureCountry>לא ידוע</ManufactureCountry>
      <ManufactureItemDescription>יין לבן חצי יבש ויזו</ManufactureItemDescription>
      <UnitQty>לא ידוע</UnitQty>
      <Quantity>750.00</Quantity>
      <UnitOfMeasure>100 מ"ל</UnitOfMeasure>
      <bIsWeighted>0</bIsWeighted>
      <QtyInPackage>לא ידוע</QtyInPackage>
      <ItemPrice>39.10</ItemPrice>
      <UnitOfMeasurePrice>0.05</UnitOfMeasurePrice>
      <AllowDiscount>1</AllowDiscount>
      <ItemStatus>2</ItemStatus>
    </Item>
    <Item>
      <PriceUpdateTime>2025-09-17T15:05:58.000</PriceUpdateTime>
      <ItemCode>7290015781053</ItemCode>
      <LastSaleDateTime>2015-01-01T00:00:00.000</LastSaleDateTime>
      <ItemType>1</ItemType>
      <ItemName>לבן יבש ויזון 750 מ"</ItemName>
      <ManufactureName>לא ידוע</ManufactureName>
      <ManufactureCountry>לא ידוע</ManufactureCountry>
      <ManufactureItemDescription>לבן יבש ויזון 750 מ"</ManufactureItemDescription>
      <UnitQty>לא ידוע</UnitQty>
      <Quantity>750.00</Quantity>
      <UnitOfMeasure>100 מ"ל</UnitOfMeasure>
      <bIsWeighted>0</bIsWeighted>
      <QtyInPackage>לא ידוע</QtyInPackage>
      <ItemPrice>39.10</ItemPrice>
      <UnitOfMeasurePrice>0.05</UnitOfMeasurePrice>
      <AllowDiscount>1</AllowDiscount>
      <ItemStatus>2</ItemStatus>
    </Item>
    <Item>
      <PriceUpdateTime>2025-09-17T15:05:58.000</PriceUpdateTime>
      <ItemCode>7290015781091</ItemCode>
      <LastSaleDateTime>2015-01-01T00:00:00.000</LastSaleDateTime>
      <ItemType>1</ItemType>
      <ItemName>קברנה סובניון ויזון</ItemName>
      <ManufactureName>טפרברג</ManufactureName>
      <ManufactureCountry>לא ידוע</ManufactureCountry>
      <ManufactureItemDescription>קברנה סובניון ויזון</ManufactureItemDescription>
      <UnitQty>לא ידוע</UnitQty>
      <Quantity>750.00</Quantity>
      <UnitOfMeasure>100 מ"ל</UnitOfMeasure>
      <bIsWeighted>0</bIsWeighted>
      <QtyInPackage>לא ידוע</QtyInPackage>
      <ItemPrice>39.10</ItemPrice>
      <UnitOfMeasurePrice>0.05</UnitOfMeasurePrice>
      <AllowDiscount>1</AllowDiscount>
      <ItemStatus>2</ItemStatus>
    </Item>
    <Item>
      <PriceUpdateTime>2025-09-17T15:05:58.000</PriceUpdateTime>
      <ItemCode>7290015781299</ItemCode>
      <LastSaleDateTime>2015-01-01T00:00:00.000</LastSaleDateTime>
      <ItemType>1</ItemType>
      <ItemName>שיראז ויזון 750 מ''ל</ItemName>
      <ManufactureName>טפרברג</ManufactureName>
      <ManufactureCountry>לא ידוע</ManufactureCountry>
      <ManufactureItemDescription>שיראז ויזון 750 מ''ל</ManufactureItemDescription>
      <UnitQty>לא ידוע</UnitQty>
      <Quantity>750.00</Quantity>
      <UnitOfMeasure>100 מ"ל</UnitOfMeasure>
      <bIsWeighted>0</bIsWeighted>
      <QtyInPackage>לא ידוע</QtyInPackage>
      <ItemPrice>39.10</ItemPrice>
      <UnitOfMeasurePrice>0.05</UnitOfMeasurePrice>
      <AllowDiscount>1</AllowDiscount>
      <ItemStatus>2</ItemStatus>
    </Item>
    <Item>
      <PriceUpdateTime>2025-09-17T15:05:58.000</PriceUpdateTime>
      <ItemCode>7290017289588</ItemCode>
      <LastSaleDateTime>2025-10-31T00:00:00.000</LastSaleDateTime>
      <ItemType>1</ItemType>
      <ItemName>אינספייר בלנד לבן יב</ItemName>
      <ManufactureName>לא ידוע</ManufactureName>
      <ManufactureCountry>לא ידוע</ManufactureCountry>
      <ManufactureItemDescription>אינספייר בלנד לבן יב</ManufactureItemDescription>
      <UnitQty>לא ידוע</UnitQty>
      <Quantity>750.00</Quantity>
      <UnitOfMeasure>100 מ"ל</UnitOfMeasure>
      <bIsWeighted>0</bIsWeighted>
      <QtyInPackage>לא ידוע</QtyInPackage>
      <ItemPrice>64.80</ItemPrice>
      <UnitOfMeasurePrice>0.09</UnitOfMeasurePrice>
      <AllowDiscount>1</AllowDiscount>
      <ItemStatus>2</ItemStatus>
    </Item>
    <Item>
      <PriceUpdateTime>2025-09-17T15:05:58.000</PriceUpdateTime>
      <ItemCode>7290017289595</ItemCode>
      <LastSaleDateTime>2015-01-01T00:00:00.000</LastSaleDateTime>
      <ItemType>1</ItemType>
      <ItemName>אינספייר בלנד אדום 7</ItemName>
      <ManufactureName>לא ידוע</ManufactureName>
      <ManufactureCountry>לא ידוע</ManufactureCountry>
      <ManufactureItemDescription>אינספייר בלנד אדום 7</ManufactureItemDescription>
      <UnitQty>לא ידוע</UnitQty>
      <Quantity>750.00</Quantity>
      <UnitOfMeasure>100 מ"ל</UnitOfMeasure>
      <bIsWeighted>0</bIsWeighted>
      <QtyInPackage>לא ידוע</QtyInPackage>
      <ItemPrice>64.80</ItemPrice>
      <UnitOfMeasurePrice>0.09</UnitOfMeasurePrice>
      <AllowDiscount>1</AllowDiscount>
      <ItemStatus>2</ItemStatus>
    </Item>
    <Item>
      <PriceUpdateTime>2025-09-21T11:17:29.000</PriceUpdateTime>
      <ItemCode>7290019302452</ItemCode>
      <LastSaleDateTime>2015-01-01T00:00:00.000</LastSaleDateTime>
      <ItemType>1</ItemType>
      <ItemName>אמרלד ריזלינג פ.סי 3</ItemName>
      <ManufactureName>לא ידוע</ManufactureName>
      <ManufactureCountry>לא ידוע</ManufactureCountry>
      <ManufactureItemDescription>אמרלד ריזלינג פ.סי 3</ManufactureItemDescription>
      <UnitQty>לא ידוע</UnitQty>
      <Quantity>375.00</Quantity>
      <UnitOfMeasure>100 מ"ל</UnitOfMeasure>
      <bIsWeighted>0</bIsWeighted>
      <QtyInPackage>לא ידוע</QtyInPackage>
      <ItemPrice>20.10</ItemPrice>
      <UnitOfMeasurePrice>0.05</UnitOfMeasurePrice>
      <AllowDiscount>1</AllowDiscount>
      <ItemStatus>2</ItemStatus>
    </Item>
    <Item>
      <PriceUpdateTime>2025-09-21T14:33:36.000</PriceUpdateTime>
      <ItemCode>7290008803090</ItemCode>
      <LastSaleDateTime>2026-01-22T22:32:31.000</LastSaleDateTime>
      <ItemType>1</ItemType>
      <ItemName>יין מרלו גליל עליון</ItemName>
      <ManufactureName>כרמל מזרחי</ManufactureName>
      <ManufactureCountry>לא ידוע</ManufactureCountry>
      <ManufactureItemDescription>יין מרלו גליל עליון</ManufactureItemDescription>
      <UnitQty>לא ידוע</UnitQty>
      <Quantity>750.00</Quantity>
      <UnitOfMeasure>100 מ"ל</UnitOfMeasure>
      <bIsWeighted>0</bIsWeighted>
      <QtyInPackage>לא ידוע</QtyInPackage>
      <ItemPrice>65.50</ItemPrice>
      <UnitOfMeasurePrice>0.09</UnitOfMeasurePrice>
      <AllowDiscount>1</AllowDiscount>
      <ItemStatus/>
    </Item>
    <Item>
      <PriceUpdateTime>2025-09-21T14:33:36.000</PriceUpdateTime>
      <ItemCode>7290008804189</ItemCode>
      <LastSaleDateTime>2026-01-26T16:34:50.000</LastSaleDateTime>
      <ItemType>1</ItemType>
      <ItemName>יין קברנה סוביניון ג</ItemName>
      <ManufactureName>כרמל מזרחי</ManufactureName>
      <ManufactureCountry>לא ידוע</ManufactureCountry>
      <ManufactureItemDescription>יין קברנה סוביניון ג</ManufactureItemDescription>
      <UnitQty>לא ידוע</UnitQty>
      <Quantity>750.00</Quantity>
      <UnitOfMeasure>100 מ"ל</UnitOfMeasure>
      <bIsWeighted>0</bIsWeighted>
      <QtyInPackage>לא ידוע</QtyInPackage>
      <ItemPrice>65.50</ItemPrice>
      <UnitOfMeasurePrice>0.09</UnitOfMeasurePrice>
      <AllowDiscount>1</AllowDiscount>
      <ItemStatus/>
    </Item>
    <Item>
      <PriceUpdateTime>2025-09-21T14:33:36.000</PriceUpdateTime>
      <ItemCode>7290008804745</ItemCode>
      <LastSaleDateTime>2015-01-01T00:00:00.000</LastSaleDateTime>
      <ItemType>1</ItemType>
      <ItemName>יין גוורצטרמינר סדרה</ItemName>
      <ManufactureName>לא ידוע</ManufactureName>
      <ManufactureCountry>לא ידוע</ManufactureCountry>
      <ManufactureItemDescription>יין גוורצטרמינר סדרה</ManufactureItemDescription>
      <UnitQty>לא ידוע</UnitQty>
      <Quantity>750.00</Quantity>
      <UnitOfMeasure>100 מ"ל</UnitOfMeasure>
      <bIsWeighted>0</bIsWeighted>
      <QtyInPackage>לא ידוע</QtyInPackage>
      <ItemPrice>65.50</ItemPrice>
      <UnitOfMeasurePrice>0.09</UnitOfMeasurePrice>
      <AllowDiscount>1</AllowDiscount>
      <ItemStatus>2</ItemStatus>
    </Item>
    <Item>
      <PriceUpdateTime>2025-09-21T14:33:36.000</PriceUpdateTime>
      <ItemCode>7290008805964</ItemCode>
      <LastSaleDateTime>2026-01-16T13:03:41.000</LastSaleDateTime>
      <ItemType>1</ItemType>
      <ItemName>יין קברנה שיראז גליל</ItemName>
      <ManufactureName>כרמל מזרחי</ManufactureName>
      <ManufactureCountry>לא ידוע</ManufactureCountry>
      <ManufactureItemDescription>יין קברנה שיראז גליל</ManufactureItemDescription>
      <UnitQty>לא ידוע</UnitQty>
      <Quantity>750.00</Quantity>
      <UnitOfMeasure>100 מ"ל</UnitOfMeasure>
      <bIsWeighted>0</bIsWeighted>
      <QtyInPackage>לא ידוע</QtyInPackage>
      <ItemPrice>65.50</ItemPrice>
      <UnitOfMeasurePrice>0.09</UnitOfMeasurePrice>
      <AllowDiscount>1</AllowDiscount>
      <ItemStatus/>
    </Item>
    <Item>
      <PriceUpdateTime>2025-09-21T14:33:36.000</PriceUpdateTime>
      <ItemCode>7290008804455</ItemCode>
      <LastSaleDateTime>2025-10-30T00:00:00.000</LastSaleDateTime>
      <ItemType>1</ItemType>
      <ItemName>יין רוזה סדרה אזורית</ItemName>
      <ManufactureName>לא ידוע</ManufactureName>
      <ManufactureCountry>לא ידוע</ManufactureCountry>
      <ManufactureItemDescription>יין רוזה סדרה אזורית</ManufactureItemDescription>
      <UnitQty>לא ידוע</UnitQty>
      <Quantity>750.00</Quantity>
      <UnitOfMeasure>100 מ"ל</UnitOfMeasure>
      <bIsWeighted>0</bIsWeighted>
      <QtyInPackage>לא ידוע</QtyInPackage>
      <ItemPrice>65.50</ItemPrice>
      <UnitOfMeasurePrice>0.09</UnitOfMeasurePrice>
      <AllowDiscount>1</AllowDiscount>
      <ItemStatus>2</ItemStatus>
    </Item>
    <Item>
      <PriceUpdateTime>2025-09-21T14:33:49.000</PriceUpdateTime>
      <ItemCode>7290013713025</ItemCode>
      <LastSaleDateTime>2015-01-01T00:00:00.000</LastSaleDateTime>
      <ItemType>1</ItemType>
      <ItemName>ג'ימס בירה פילס 330</ItemName>
      <ManufactureName>לא ידוע</ManufactureName>
      <ManufactureCountry>לא ידוע</ManufactureCountry>
      <ManufactureItemDescription>ג'ימס בירה פילס 330</ManufactureItemDescription>
      <UnitQty>לא ידוע</UnitQty>
      <Quantity>330.00</Quantity>
      <UnitOfMeasure>100 מ"ל</UnitOfMeasure>
      <bIsWeighted>0</bIsWeighted>
      <QtyInPackage>לא ידוע</QtyInPackage>
      <ItemPrice>11.80</ItemPrice>
      <UnitOfMeasurePrice>0.04</UnitOfMeasurePrice>
      <AllowDiscount>1</AllowDiscount>
      <ItemStatus>2</ItemStatus>
    </Item>
    <Item>
      <PriceUpdateTime>2025-09-21T14:33:49.000</PriceUpdateTime>
      <ItemCode>7290013713032</ItemCode>
      <LastSaleDateTime>2015-01-01T00:00:00.000</LastSaleDateTime>
      <ItemType>1</ItemType>
      <ItemName>ג'ימס בירה חיטה 330</ItemName>
      <ManufactureName>לא ידוע</ManufactureName>
      <ManufactureCountry>לא ידוע</ManufactureCountry>
      <ManufactureItemDescription>ג'ימס בירה חיטה 330</ManufactureItemDescription>
      <UnitQty>לא ידוע</UnitQty>
      <Quantity>330.00</Quantity>
      <UnitOfMeasure>100 מ"ל</UnitOfMeasure>
      <bIsWeighted>0</bIsWeighted>
      <QtyInPackage>לא ידוע</QtyInPackage>
      <ItemPrice>11.80</ItemPrice>
      <UnitOfMeasurePrice>0.04</UnitOfMeasurePrice>
      <AllowDiscount>1</AllowDiscount>
      <ItemStatus>2</ItemStatus>
    </Item>
    <Item>
      <PriceUpdateTime>2025-09-21T14:33:49.000</PriceUpdateTime>
      <ItemCode>7290013713049</ItemCode>
      <LastSaleDateTime>2015-01-01T00:00:00.000</LastSaleDateTime>
      <ItemType>1</ItemType>
      <ItemName>בירה ג'מס בלגית 8.80</ItemName>
      <ManufactureName>לא ידוע</ManufactureName>
      <ManufactureCountry>לא ידוע</ManufactureCountry>
      <ManufactureItemDescription>בירה ג'מס בלגית 8.80</ManufactureItemDescription>
      <UnitQty>לא ידוע</UnitQty>
      <Quantity>330.00</Quantity>
      <UnitOfMeasure>100 מ"ל</UnitOfMeasure>
      <bIsWeighted>0</bIsWeighted>
      <QtyInPackage>לא ידוע</QtyInPackage>
      <ItemPrice>11.80</ItemPrice>
      <UnitOfMeasurePrice>0.04</UnitOfMeasurePrice>
      <AllowDiscount>1</AllowDiscount>
      <ItemStatus>2</ItemStatus>
    </Item>
    <Item>
      <PriceUpdateTime>2025-09-21T14:33:49.000</PriceUpdateTime>
      <ItemCode>7290013713094</ItemCode>
      <LastSaleDateTime>2015-01-01T00:00:00.000</LastSaleDateTime>
      <ItemType>1</ItemType>
      <ItemName>בירה ג'יימס בלייזר ב</ItemName>
      <ManufactureName>לא ידוע</ManufactureName>
      <ManufactureCountry>לא ידוע</ManufactureCountry>
      <ManufactureItemDescription>בירה ג'יימס בלייזר ב</ManufactureItemDescription>
      <UnitQty>לא ידוע</UnitQty>
      <Quantity>330.00</Quantity>
      <UnitOfMeasure>100 מ"ל</UnitOfMeasure>
      <bIsWeighted>0</bIsWeighted>
      <QtyInPackage>לא ידוע</QtyInPackage>
      <ItemPrice>11.80</ItemPrice>
      <UnitOfMeasurePrice>0.04</UnitOfMeasurePrice>
      <AllowDiscount>1</AllowDiscount>
      <ItemStatus>2</ItemStatus>
    </Item>
    <Item>
      <PriceUpdateTime>2025-09-21T14:33:49.000</PriceUpdateTime>
      <ItemCode>7290014256620</ItemCode>
      <LastSaleDateTime>2026-01-16T12:59:54.000</LastSaleDateTime>
      <ItemType>1</ItemType>
      <ItemName>יין קריניאנו 750 מל</ItemName>
      <ManufactureName>כרמל מזרחי</ManufactureName>
      <ManufactureCountry>לא ידוע</ManufactureCountry>
      <ManufactureItemDescription>יין קריניאנו 750 מל</ManufactureItemDescription>
      <UnitQty>לא ידוע</UnitQty>
      <Quantity>750.00</Quantity>
      <UnitOfMeasure>100 מ"ל</UnitOfMeasure>
      <bIsWeighted>0</bIsWeighted>
      <QtyInPackage>לא ידוע</QtyInPackage>
      <ItemPrice>27.50</ItemPrice>
      <UnitOfMeasurePrice>0.04</UnitOfMeasurePrice>
      <AllowDiscount>1</AllowDiscount>
      <ItemStatus/>
    </Item>
    <Item>
      <PriceUpdateTime>2025-09-21T14:33:49.000</PriceUpdateTime>
      <ItemCode>7290014256637</ItemCode>
      <LastSaleDateTime>2026-01-22T13:11:13.000</LastSaleDateTime>
      <ItemType>1</ItemType>
      <ItemName>יין מוסקטו באזז 750</ItemName>
      <ManufactureName>כרמל מזרחי</ManufactureName>
      <ManufactureCountry>לא ידוע</ManufactureCountry>
      <ManufactureItemDescription>יין מוסקטו באזז 750</ManufactureItemDescription>
      <UnitQty>לא ידוע</UnitQty>
      <Quantity>750.00</Quantity>
      <UnitOfMeasure>100 מ"ל</UnitOfMeasure>
      <bIsWeighted>0</bIsWeighted>
      <QtyInPackage>לא ידוע</QtyInPackage>
      <ItemPrice>27.50</ItemPrice>
      <UnitOfMeasurePrice>0.04</UnitOfMeasurePrice>
      <AllowDiscount>1</AllowDiscount>
      <ItemStatus/>
    </Item>
    <Item>
      <PriceUpdateTime>2025-09-21T14:33:49.000</PriceUpdateTime>
      <ItemCode>7290016717044</ItemCode>
      <LastSaleDateTime>2026-01-26T16:56:55.000</LastSaleDateTime>
      <ItemType>1</ItemType>
      <ItemName>יין מנגו באזז 750 מל</ItemName>
      <ManufactureName>לא ידוע</ManufactureName>
      <ManufactureCountry>לא ידוע</ManufactureCountry>
      <ManufactureItemDescription>יין מנגו באזז 750 מל</ManufactureItemDescription>
      <UnitQty>לא ידוע</UnitQty>
      <Quantity>750.00</Quantity>
      <UnitOfMeasure>100 מ"ל</UnitOfMeasure>
      <bIsWeighted>0</bIsWeighted>
      <QtyInPackage>לא ידוע</QtyInPackage>
      <ItemPrice>27.50</ItemPrice>
      <UnitOfMeasurePrice>0.04</UnitOfMeasurePrice>
      <AllowDiscount>1</AllowDiscount>
      <ItemStatus/>
    </Item>
    <Item>
      <PriceUpdateTime>2025-09-21T14:33:49.000</PriceUpdateTime>
      <ItemCode>7290016717051</ItemCode>
      <LastSaleDateTime>2015-01-01T00:00:00.000</LastSaleDateTime>
      <ItemType>1</ItemType>
      <ItemName>יין רימון באזז 750מל</ItemName>
      <ManufactureName>לא ידוע</ManufactureName>
      <ManufactureCountry>לא ידוע</ManufactureCountry>
      <ManufactureItemDescription>יין רימון באזז 750מל</ManufactureItemDescription>
      <UnitQty>לא ידוע</UnitQty>
      <Quantity>750.00</Quantity>
      <UnitOfMeasure>100 מ"ל</UnitOfMeasure>
      <bIsWeighted>0</bIsWeighted>
      <QtyInPackage>לא ידוע</QtyInPackage>
      <ItemPrice>27.50</ItemPrice>
      <UnitOfMeasurePrice>0.04</UnitOfMeasurePrice>
      <AllowDiscount>1</AllowDiscount>
      <ItemStatus>2</ItemStatus>
    </Item>
    <Item>
      <PriceUpdateTime>2025-09-21T14:33:49.000</PriceUpdateTime>
      <ItemCode>7290016717976</ItemCode>
      <LastSaleDateTime>2026-01-26T11:08:54.000</LastSaleDateTime>
      <ItemType>1</ItemType>
      <ItemName>יין ספארקלינג אפרסק</ItemName>
      <ManufactureName>לא ידוע</ManufactureName>
      <ManufactureCountry>לא ידוע</ManufactureCountry>
      <ManufactureItemDescription>יין ספארקלינג אפרסק</ManufactureItemDescription>
      <UnitQty>לא ידוע</UnitQty>
      <Quantity>750.00</Quantity>
      <UnitOfMeasure>100 מ"ל</UnitOfMeasure>
      <bIsWeighted>0</bIsWeighted>
      <QtyInPackage>לא ידוע</QtyInPackage>
      <ItemPrice>27.50</ItemPrice>
      <UnitOfMeasurePrice>0.04</UnitOfMeasurePrice>
      <AllowDiscount>1</AllowDiscount>
      <ItemStatus/>
    </Item>
    <Item>
      <PriceUpdateTime>2025-09-21T14:33:49.000</PriceUpdateTime>
      <ItemCode>7290017812052</ItemCode>
      <LastSaleDateTime>2026-01-29T17:38:46.000</LastSaleDateTime>
      <ItemType>1</ItemType>
      <ItemName>יין שיראז-קברנה סובי</ItemName>
      <ManufactureName>לא ידוע</ManufactureName>
      <ManufactureCountry>לא ידוע</ManufactureCountry>
      <ManufactureItemDescription>יין שיראז-קברנה סובי</ManufactureItemDescription>
      <UnitQty>לא ידוע</UnitQty>
      <Quantity>750.00</Quantity>
      <UnitOfMeasure>100 מ"ל</UnitOfMeasure>
      <bIsWeighted>0</bIsWeighted>
      <QtyInPackage>לא ידוע</QtyInPackage>
      <ItemPrice>27.50</ItemPrice>
      <UnitOfMeasurePrice>0.04</UnitOfMeasurePrice>
      <AllowDiscount>1</AllowDiscount>
      <ItemStatus/>
    </Item>
    <Item>
      <PriceUpdateTime>2025-09-21T14:33:49.000</PriceUpdateTime>
      <ItemCode>7290017812069</ItemCode>
      <LastSaleDateTime>2026-01-22T18:59:39.000</LastSaleDateTime>
      <ItemType>1</ItemType>
      <ItemName>יין ריזלינג-שרדונה א</ItemName>
      <ManufactureName>לא ידוע</ManufactureName>
      <ManufactureCountry>לא ידוע</ManufactureCountry>
      <ManufactureItemDescription>יין ריזלינג-שרדונה א</ManufactureItemDescription>
      <UnitQty>לא ידוע</UnitQty>
      <Quantity>750.00</Quantity>
      <UnitOfMeasure>100 מ"ל</UnitOfMeasure>
      <bIsWeighted>0</bIsWeighted>
      <QtyInPackage>לא ידוע</QtyInPackage>
      <ItemPrice>27.50</ItemPrice>
      <UnitOfMeasurePrice>0.04</UnitOfMeasurePrice>
      <AllowDiscount>1</AllowDiscount>
      <ItemStatus/>
    </Item>
    <Item>
      <PriceUpdateTime>2025-09-21T14:33:49.000</PriceUpdateTime>
      <ItemCode>7290017812878</ItemCode>
      <LastSaleDateTime>2025-12-25T00:00:00.000</LastSaleDateTime>
      <ItemType>1</ItemType>
      <ItemName>יין אקסלנס רוזה יקבי</ItemName>
      <ManufactureName>לא ידוע</ManufactureName>
      <ManufactureCountry>לא ידוע</ManufactureCountry>
      <ManufactureItemDescription>יין אקסלנס רוזה יקבי</ManufactureItemDescription>
      <UnitQty>לא ידוע</UnitQty>
      <Quantity>750.00</Quantity>
      <UnitOfMeasure>100 מ"ל</UnitOfMeasure>
      <bIsWeighted>0</bIsWeighted>
      <QtyInPackage>לא ידוע</QtyInPackage>
      <ItemPrice>27.50</ItemPrice>
      <UnitOfMeasurePrice>0.04</UnitOfMeasurePrice>
      <AllowDiscount>1</AllowDiscount>
      <ItemStatus/>
    </Item>
    <Item>
      <PriceUpdateTime>2025-09-21T14:33:49.000</PriceUpdateTime>
      <ItemCode>7290017812977</ItemCode>
      <LastSaleDateTime>2026-01-26T11:08:54.000</LastSaleDateTime>
      <ItemType>1</ItemType>
      <ItemName>יין אננס 750מל באזז</ItemName>
      <ManufactureName>לא ידוע</ManufactureName>
      <ManufactureCountry>לא ידוע</ManufactureCountry>
      <ManufactureItemDescription>יין אננס 750מל באזז</ManufactureItemDescription>
      <UnitQty>לא ידוע</UnitQty>
      <Quantity>750.00</Quantity>
      <UnitOfMeasure>100 מ"ל</UnitOfMeasure>
      <bIsWeighted>0</bIsWeighted>
      <QtyInPackage>לא ידוע</QtyInPackage>
      <ItemPrice>27.50</ItemPrice>
      <UnitOfMeasurePrice>0.04</UnitOfMeasurePrice>
      <AllowDiscount>1</AllowDiscount>
      <ItemStatus/>
    </Item>
    <Item>
      <PriceUpdateTime>2025-09-21T14:33:49.000</PriceUpdateTime>
      <ItemCode>7290019302315</ItemCode>
      <LastSaleDateTime>2015-01-01T00:00:00.000</LastSaleDateTime>
      <ItemType>1</ItemType>
      <ItemName>יין אבטיח מלון 750מל</ItemName>
      <ManufactureName>לא ידוע</ManufactureName>
      <ManufactureCountry>לא ידוע</ManufactureCountry>
      <ManufactureItemDescription>יין אבטיח מלון 750מל</ManufactureItemDescription>
      <UnitQty>לא ידוע</UnitQty>
      <Quantity>750.00</Quantity>
      <UnitOfMeasure>100 מ"ל</UnitOfMeasure>
      <bIsWeighted>0</bIsWeighted>
      <QtyInPackage>לא ידוע</QtyInPackage>
      <ItemPrice>27.50</ItemPrice>
      <UnitOfMeasurePrice>0.04</UnitOfMeasurePrice>
      <AllowDiscount>1</AllowDiscount>
      <ItemStatus>2</ItemStatus>
    </Item>
    <Item>
      <PriceUpdateTime>2025-09-21T14:33:49.000</PriceUpdateTime>
      <ItemCode>7290019302643</ItemCode>
      <LastSaleDateTime>2026-01-22T21:24:19.000</LastSaleDateTime>
      <ItemType>1</ItemType>
      <ItemName>יין תפוח 750מל באזז</ItemName>
      <ManufactureName>לא ידוע</ManufactureName>
      <ManufactureCountry>לא ידוע</ManufactureCountry>
      <ManufactureItemDescription>יין תפוח 750מל באזז</ManufactureItemDescription>
      <UnitQty>לא ידוע</UnitQty>
      <Quantity>750.00</Quantity>
      <UnitOfMeasure>100 מ"ל</UnitOfMeasure>
      <bIsWeighted>0</bIsWeighted>
      <QtyInPackage>לא ידוע</QtyInPackage>
      <ItemPrice>27.50</ItemPrice>
      <UnitOfMeasurePrice>0.04</UnitOfMeasurePrice>
      <AllowDiscount>1</AllowDiscount>
      <ItemStatus/>
    </Item>
    <Item>
      <PriceUpdateTime>2025-09-21T14:33:49.000</PriceUpdateTime>
      <ItemCode>7290019398226</ItemCode>
      <LastSaleDateTime>2026-01-13T22:22:03.000</LastSaleDateTime>
      <ItemType>1</ItemType>
      <ItemName>ייןקוקטייל קוסמופולי</ItemName>
      <ManufactureName>לא ידוע</ManufactureName>
      <ManufactureCountry>לא ידוע</ManufactureCountry>
      <ManufactureItemDescription>ייןקוקטייל קוסמופולי</ManufactureItemDescription>
      <UnitQty>מטרים</UnitQty>
      <Quantity>750.00</Quantity>
      <UnitOfMeasure>100 מ'ל</UnitOfMeasure>
      <bIsWeighted>0</bIsWeighted>
      <QtyInPackage>לא ידוע</QtyInPackage>
      <ItemPrice>27.50</ItemPrice>
      <UnitOfMeasurePrice>0.04</UnitOfMeasurePrice>
      <AllowDiscount>1</AllowDiscount>
      <ItemStatus/>
    </Item>
    <Item>
      <PriceUpdateTime>2025-09-21T14:33:49.000</PriceUpdateTime>
      <ItemCode>7290019398912</ItemCode>
      <LastSaleDateTime>2026-01-20T20:27:56.000</LastSaleDateTime>
      <ItemType>1</ItemType>
      <ItemName>יין אבטיח 750מל באזז</ItemName>
      <ManufactureName>לא ידוע</ManufactureName>
      <ManufactureCountry>לא ידוע</ManufactureCountry>
      <ManufactureItemDescription>יין אבטיח 750מל באזז</ManufactureItemDescription>
      <UnitQty>לא ידוע</UnitQty>
      <Quantity>750.00</Quantity>
      <UnitOfMeasure>100 מ"ל</UnitOfMeasure>
      <bIsWeighted>0</bIsWeighted>
      <QtyInPackage>לא ידוע</QtyInPackage>
      <ItemPrice>27.50</ItemPrice>
      <UnitOfMeasurePrice>0.04</UnitOfMeasurePrice>
      <AllowDiscount>1</AllowDiscount>
      <ItemStatus/>
    </Item>
    <Item>
      <PriceUpdateTime>2025-09-21T14:33:49.000</PriceUpdateTime>
      <ItemCode>7290019398929</ItemCode>
      <LastSaleDateTime>2026-01-09T11:30:45.000</LastSaleDateTime>
      <ItemType>1</ItemType>
      <ItemName>יין תות ליים 750 מל</ItemName>
      <ManufactureName>לא ידוע</ManufactureName>
      <ManufactureCountry>לא ידוע</ManufactureCountry>
      <ManufactureItemDescription>יין תות ליים 750 מל</ManufactureItemDescription>
      <UnitQty>לא ידוע</UnitQty>
      <Quantity>750.00</Quantity>
      <UnitOfMeasure>100 מ"ל</UnitOfMeasure>
      <bIsWeighted>0</bIsWeighted>
      <QtyInPackage>לא ידוע</QtyInPackage>
      <ItemPrice>27.50</ItemPrice>
      <UnitOfMeasurePrice>0.04</UnitOfMeasurePrice>
      <AllowDiscount>1</AllowDiscount>
      <ItemStatus/>
    </Item>
    <Item>
      <PriceUpdateTime>2025-09-21T14:33:49.000</PriceUpdateTime>
      <ItemCode>7290020329523</ItemCode>
      <LastSaleDateTime>2026-01-14T21:41:50.000</LastSaleDateTime>
      <ItemType>1</ItemType>
      <ItemName>יין קוקטייל מוחיטו 7</ItemName>
      <ManufactureName>לא ידוע</ManufactureName>
      <ManufactureCountry>לא ידוע</ManufactureCountry>
      <ManufactureItemDescription>יין קוקטייל מוחיטו 7</ManufactureItemDescription>
      <UnitQty>לא ידוע</UnitQty>
      <Quantity>750.00</Quantity>
      <UnitOfMeasure>100 מ"ל</UnitOfMeasure>
      <bIsWeighted>0</bIsWeighted>
      <QtyInPackage>לא ידוע</QtyInPackage>
      <ItemPrice>27.50</ItemPrice>
      <UnitOfMeasurePrice>0.04</UnitOfMeasurePrice>
      <AllowDiscount>1</AllowDiscount>
      <ItemStatus/>
    </Item>
    <Item>
      <PriceUpdateTime>2025-09-25T10:27:21.000</PriceUpdateTime>
      <ItemCode>7290011457051</ItemCode>
      <LastSaleDateTime>2015-01-01T00:00:00.000</LastSaleDateTime>
      <ItemType>1</ItemType>
      <ItemName>ליקר שוקולד 500 מל</ItemName>
      <ManufactureName>לא ידוע</ManufactureName>
      <ManufactureCountry>לא ידוע</ManufactureCountry>
      <ManufactureItemDescription>ליקר שוקולד 500 מל</ManufactureItemDescription>
      <UnitQty>מטרים</UnitQty>
      <Quantity>500.00</Quantity>
      <UnitOfMeasure>100 מ'ל</UnitOfMeasure>
      <bIsWeighted>0</bIsWeighted>
      <QtyInPackage>לא ידוע</QtyInPackage>
      <ItemPrice>32.90</ItemPrice>
      <UnitOfMeasurePrice>0.07</UnitOfMeasurePrice>
      <AllowDiscount>1</AllowDiscount>
      <ItemStatus>2</ItemStatus>
    </Item>
    <Item>
      <PriceUpdateTime>2025-09-25T10:27:21.000</PriceUpdateTime>
      <ItemCode>7290103203412</ItemCode>
      <LastSaleDateTime>2015-01-01T00:00:00.000</LastSaleDateTime>
      <ItemType>1</ItemType>
      <ItemName>ליקר שוקולד מנטה 500</ItemName>
      <ManufactureName>לא ידוע</ManufactureName>
      <ManufactureCountry>לא ידוע</ManufactureCountry>
      <ManufactureItemDescription>ליקר שוקולד מנטה 500</ManufactureItemDescription>
      <UnitQty>מטרים</UnitQty>
      <Quantity>500.00</Quantity>
      <UnitOfMeasure>100 מ'ל</UnitOfMeasure>
      <bIsWeighted>0</bIsWeighted>
      <QtyInPackage>לא ידוע</QtyInPackage>
      <ItemPrice>32.90</ItemPrice>
      <UnitOfMeasurePrice>0.07</UnitOfMeasurePrice>
      <AllowDiscount>1</AllowDiscount>
      <ItemStatus>2</ItemStatus>
    </Item>
    <Item>
      <PriceUpdateTime>2025-09-25T10:27:21.000</PriceUpdateTime>
      <ItemCode>7290103203436</ItemCode>
      <LastSaleDateTime>2015-01-01T00:00:00.000</LastSaleDateTime>
      <ItemType>1</ItemType>
      <ItemName>ליקר דובדבן 500מל</ItemName>
      <ManufactureName>לא ידוע</ManufactureName>
      <ManufactureCountry>לא ידוע</ManufactureCountry>
      <ManufactureItemDescription>ליקר דובדבן 500מל</ManufactureItemDescription>
      <UnitQty>לא ידוע</UnitQty>
      <Quantity>1.00</Quantity>
      <UnitOfMeasure>יח'</UnitOfMeasure>
      <bIsWeighted>0</bIsWeighted>
      <QtyInPackage>לא ידוע</QtyInPackage>
      <ItemPrice>32.90</ItemPrice>
      <UnitOfMeasurePrice>32.90</UnitOfMeasurePrice>
      <AllowDiscount>1</AllowDiscount>
      <ItemStatus>2</ItemStatus>
    </Item>
    <Item>
      <PriceUpdateTime>2025-09-25T10:27:21.000</PriceUpdateTime>
      <ItemCode>7290011457068</ItemCode>
      <LastSaleDateTime>2015-01-01T00:00:00.000</LastSaleDateTime>
      <ItemType>1</ItemType>
      <ItemName>ליקר וניל 500 מ'ל</ItemName>
      <ManufactureName>לא ידוע</ManufactureName>
      <ManufactureCountry>לא ידוע</ManufactureCountry>
      <ManufactureItemDescription>ליקר וניל 500 מ'ל</ManufactureItemDescription>
      <UnitQty>מטרים</UnitQty>
      <Quantity>500.00</Quantity>
      <UnitOfMeasure>100 מ'ל</UnitOfMeasure>
      <bIsWeighted>0</bIsWeighted>
      <QtyInPackage>לא ידוע</QtyInPackage>
      <ItemPrice>32.90</ItemPrice>
      <UnitOfMeasurePrice>0.07</UnitOfMeasurePrice>
      <AllowDiscount>1</AllowDiscount>
      <ItemStatus>2</ItemStatus>
    </Item>
    <Item>
      <PriceUpdateTime>2025-09-25T10:27:21.000</PriceUpdateTime>
      <ItemCode>7290103203405</ItemCode>
      <LastSaleDateTime>2015-01-01T00:00:00.000</LastSaleDateTime>
      <ItemType>1</ItemType>
      <ItemName>ליקר שוקולד תפוז 500</ItemName>
      <ManufactureName>לא ידוע</ManufactureName>
      <ManufactureCountry>לא ידוע</ManufactureCountry>
      <ManufactureItemDescription>ליקר שוקולד תפוז 500</ManufactureItemDescription>
      <UnitQty>מטרים</UnitQty>
      <Quantity>500.00</Quantity>
      <UnitOfMeasure>100 מ'ל</UnitOfMeasure>
      <bIsWeighted>0</bIsWeighted>
      <QtyInPackage>לא ידוע</QtyInPackage>
      <ItemPrice>32.90</ItemPrice>
      <UnitOfMeasurePrice>0.07</UnitOfMeasurePrice>
      <AllowDiscount>1</AllowDiscount>
      <ItemStatus>2</ItemStatus>
    </Item>
    <Item>
      <PriceUpdateTime>2025-09-25T10:27:21.000</PriceUpdateTime>
      <ItemCode>7290103203443</ItemCode>
      <LastSaleDateTime>2015-01-01T00:00:00.000</LastSaleDateTime>
      <ItemType>1</ItemType>
      <ItemName>ליקר בננה 500 מל</ItemName>
      <ManufactureName>לא ידוע</ManufactureName>
      <ManufactureCountry>לא ידוע</ManufactureCountry>
      <ManufactureItemDescription>ליקר בננה 500 מל</ManufactureItemDescription>
      <UnitQty>מטרים</UnitQty>
      <Quantity>500.00</Quantity>
      <UnitOfMeasure>100 מ'ל</UnitOfMeasure>
      <bIsWeighted>0</bIsWeighted>
      <QtyInPackage>לא ידוע</QtyInPackage>
      <ItemPrice>32.90</ItemPrice>
      <UnitOfMeasurePrice>0.07</UnitOfMeasurePrice>
      <AllowDiscount>1</AllowDiscount>
      <ItemStatus>2</ItemStatus>
    </Item>
    <Item>
      <PriceUpdateTime>2025-09-25T10:27:21.000</PriceUpdateTime>
      <ItemCode>7290103203450</ItemCode>
      <LastSaleDateTime>2015-01-01T00:00:00.000</LastSaleDateTime>
      <ItemType>1</ItemType>
      <ItemName>ליקר אמרטו צ'לו 500</ItemName>
      <ManufactureName>לא ידוע</ManufactureName>
      <ManufactureCountry>לא ידוע</ManufactureCountry>
      <ManufactureItemDescription>ליקר אמרטו צ'לו 500</ManufactureItemDescription>
      <UnitQty>מטרים</UnitQty>
      <Quantity>500.00</Quantity>
      <UnitOfMeasure>100 מ'ל</UnitOfMeasure>
      <bIsWeighted>0</bIsWeighted>
      <QtyInPackage>לא ידוע</QtyInPackage>
      <ItemPrice>32.90</ItemPrice>
      <UnitOfMeasurePrice>0.07</UnitOfMeasurePrice>
      <AllowDiscount>1</AllowDiscount>
      <ItemStatus>2</ItemStatus>
    </Item>
    <Item>
      <PriceUpdateTime>2025-10-05T12:24:46.000</PriceUpdateTime>
      <ItemCode>7290015781084</ItemCode>
      <LastSaleDateTime>2015-01-01T00:00:00.000</LastSaleDateTime>
      <ItemType>1</ItemType>
      <ItemName>ויז'ן שרדונה סמיון 7</ItemName>
      <ManufactureName>לא ידוע</ManufactureName>
      <ManufactureCountry>לא ידוע</ManufactureCountry>
      <ManufactureItemDescription>ויז'ן שרדונה סמיון 7</ManufactureItemDescription>
      <UnitQty>לא ידוע</UnitQty>
      <Quantity>750.00</Quantity>
      <UnitOfMeasure>100 מ"ל</UnitOfMeasure>
      <bIsWeighted>0</bIsWeighted>
      <QtyInPackage>לא ידוע</QtyInPackage>
      <ItemPrice>39.10</ItemPrice>
      <UnitOfMeasurePrice>0.05</UnitOfMeasurePrice>
      <AllowDiscount>1</AllowDiscount>
      <ItemStatus>2</ItemStatus>
    </Item>
    <Item>
      <PriceUpdateTime>2025-11-03T11:52:38.000</PriceUpdateTime>
      <ItemCode>7290002871248</ItemCode>
      <LastSaleDateTime>2025-08-31T00:00:00.000</LastSaleDateTime>
      <ItemType>1</ItemType>
      <ItemName>בירה טובורג רד 500 מ</ItemName>
      <ManufactureName>טובורג</ManufactureName>
      <ManufactureCountry>לא ידוע</ManufactureCountry>
      <ManufactureItemDescription>בירה טובורג רד 500 מ</ManufactureItemDescription>
      <UnitQty>לא ידוע</UnitQty>
      <Quantity>500.00</Quantity>
      <UnitOfMeasure>100 מ"ל</UnitOfMeasure>
      <bIsWeighted>0</bIsWeighted>
      <QtyInPackage>לא ידוע</QtyInPackage>
      <ItemPrice>7.80</ItemPrice>
      <UnitOfMeasurePrice>0.02</UnitOfMeasurePrice>
      <AllowDiscount>1</AllowDiscount>
      <ItemStatus>2</ItemStatus>
    </Item>
    <Item>
      <PriceUpdateTime>2025-11-03T11:52:38.000</PriceUpdateTime>
      <ItemCode>7290001975015</ItemCode>
      <LastSaleDateTime>2025-08-28T00:00:00.000</LastSaleDateTime>
      <ItemType>1</ItemType>
      <ItemName>בירה טובורג גרין 500</ItemName>
      <ManufactureName>לא ידוע</ManufactureName>
      <ManufactureCountry>לא ידוע</ManufactureCountry>
      <ManufactureItemDescription>בירה טובורג גרין 500</ManufactureItemDescription>
      <UnitQty>לא ידוע</UnitQty>
      <Quantity>500.00</Quantity>
      <UnitOfMeasure>100 מ"ל</UnitOfMeasure>
      <bIsWeighted>0</bIsWeighted>
      <QtyInPackage>לא ידוע</QtyInPackage>
      <ItemPrice>7.80</ItemPrice>
      <UnitOfMeasurePrice>0.02</UnitOfMeasurePrice>
      <AllowDiscount>1</AllowDiscount>
      <ItemStatus>2</ItemStatus>
    </Item>
    <Item>
      <PriceUpdateTime>2025-11-04T11:43:25.000</PriceUpdateTime>
      <ItemCode>7290108622096</ItemCode>
      <LastSaleDateTime>2015-01-01T00:00:00.000</LastSaleDateTime>
      <ItemType>1</ItemType>
      <ItemName>יין פיזארו מוסקטו לב</ItemName>
      <ManufactureName>לא ידוע</ManufactureName>
      <ManufactureCountry>לא ידוע</ManufactureCountry>
      <ManufactureItemDescription>יין פיזארו מוסקטו לב</ManufactureItemDescription>
      <UnitQty>לא ידוע</UnitQty>
      <Quantity>750.00</Quantity>
      <UnitOfMeasure>100 מ"ל</UnitOfMeasure>
      <bIsWeighted>0</bIsWeighted>
      <QtyInPackage>לא ידוע</QtyInPackage>
      <ItemPrice>34.90</ItemPrice>
      <UnitOfMeasurePrice>0.05</UnitOfMeasurePrice>
      <AllowDiscount>1</AllowDiscount>
      <ItemStatus>2</ItemStatus>
    </Item>
    <Item>
      <PriceUpdateTime>2025-11-12T08:38:31.000</PriceUpdateTime>
      <ItemCode>7290001594865</ItemCode>
      <LastSaleDateTime>2026-01-29T21:50:15.000</LastSaleDateTime>
      <ItemType>1</ItemType>
      <ItemName>בירה קרלסברג 6*330 מ</ItemName>
      <ManufactureName>קוקה קולה</ManufactureName>
      <ManufactureCountry>לא ידוע</ManufactureCountry>
      <ManufactureItemDescription>בירה קרלסברג 6*330 מ</ManufactureItemDescription>
      <UnitQty>ליטר</UnitQty>
      <Quantity>1.98</Quantity>
      <UnitOfMeasure>ליטר    </UnitOfMeasure>
      <bIsWeighted>0</bIsWeighted>
      <QtyInPackage>לא ידוע</QtyInPackage>
      <ItemPrice>35.80</ItemPrice>
      <UnitOfMeasurePrice>18.08</UnitOfMeasurePrice>
      <AllowDiscount>1</AllowDiscount>
      <ItemStatus/>
    </Item>
    <Item>
      <PriceUpdateTime>2025-11-12T08:38:31.000</PriceUpdateTime>
      <ItemCode>7290110110369</ItemCode>
      <LastSaleDateTime>2026-01-29T21:03:42.000</LastSaleDateTime>
      <ItemType>1</ItemType>
      <ItemName>בירה קרלסברג לומה שי</ItemName>
      <ManufactureName>לא ידוע</ManufactureName>
      <ManufactureCountry>לא ידוע</ManufactureCountry>
      <ManufactureItemDescription>בירה קרלסברג לומה שי</ManufactureItemDescription>
      <UnitQty>לא ידוע</UnitQty>
      <Quantity>1.00</Quantity>
      <UnitOfMeasure>יח'</UnitOfMeasure>
      <bIsWeighted>0</bIsWeighted>
      <QtyInPackage>לא ידוע</QtyInPackage>
      <ItemPrice>37.80</ItemPrice>
      <UnitOfMeasurePrice>37.80</UnitOfMeasurePrice>
      <AllowDiscount>1</AllowDiscount>
      <ItemStatus/>
    </Item>
    <Item>
      <PriceUpdateTime>2025-11-13T09:23:01.000</PriceUpdateTime>
      <ItemCode>7290008464345</ItemCode>
      <LastSaleDateTime>2026-01-29T21:03:42.000</LastSaleDateTime>
      <ItemType>1</ItemType>
      <ItemName>בירה גולדסטאר בק 330</ItemName>
      <ManufactureName>טמפו</ManufactureName>
      <ManufactureCountry>לא ידוע</ManufactureCountry>
      <ManufactureItemDescription>בירה גולדסטאר בק 330</ManufactureItemDescription>
      <UnitQty>לא ידוע</UnitQty>
      <Quantity>330.00</Quantity>
      <UnitOfMeasure>100 מ"ל</UnitOfMeasure>
      <bIsWeighted>0</bIsWeighted>
      <QtyInPackage>לא ידוע</QtyInPackage>
      <ItemPrice>6.90</ItemPrice>
      <UnitOfMeasurePrice>0.02</UnitOfMeasurePrice>
      <AllowDiscount>1</AllowDiscount>
      <ItemStatus/>
    </Item>
    <Item>
      <PriceUpdateTime>2025-11-13T09:23:03.000</PriceUpdateTime>
      <ItemCode>7290119776443</ItemCode>
      <LastSaleDateTime>2015-01-01T00:00:00.000</LastSaleDateTime>
      <ItemType>1</ItemType>
      <ItemName>ספרינג אלכוהול אגס ת</ItemName>
      <ManufactureName>לא ידוע</ManufactureName>
      <ManufactureCountry>לא ידוע</ManufactureCountry>
      <ManufactureItemDescription>ספרינג אלכוהול אגס ת</ManufactureItemDescription>
      <UnitQty>מטרים</UnitQty>
      <Quantity>330.00</Quantity>
      <UnitOfMeasure>100 מ'ל</UnitOfMeasure>
      <bIsWeighted>0</bIsWeighted>
      <QtyInPackage>לא ידוע</QtyInPackage>
      <ItemPrice>12.50</ItemPrice>
      <UnitOfMeasurePrice>0.04</UnitOfMeasurePrice>
      <AllowDiscount>1</AllowDiscount>
      <ItemStatus>2</ItemStatus>
    </Item>
    <Item>
      <PriceUpdateTime>2025-11-13T09:23:03.000</PriceUpdateTime>
      <ItemCode>7290119776498</ItemCode>
      <LastSaleDateTime>2015-01-01T00:00:00.000</LastSaleDateTime>
      <ItemType>1</ItemType>
      <ItemName>ספרינג אלכוהול פירות</ItemName>
      <ManufactureName>לא ידוע</ManufactureName>
      <ManufactureCountry>לא ידוע</ManufactureCountry>
      <ManufactureItemDescription>ספרינג אלכוהול פירות</ManufactureItemDescription>
      <UnitQty>מטרים</UnitQty>
      <Quantity>330.00</Quantity>
      <UnitOfMeasure>100 מ'ל</UnitOfMeasure>
      <bIsWeighted>0</bIsWeighted>
      <QtyInPackage>לא ידוע</QtyInPackage>
      <ItemPrice>12.50</ItemPrice>
      <UnitOfMeasurePrice>0.04</UnitOfMeasurePrice>
      <AllowDiscount>1</AllowDiscount>
      <ItemStatus>2</ItemStatus>
    </Item>
    <Item>
      <PriceUpdateTime>2025-11-13T14:10:05.000</PriceUpdateTime>
      <ItemCode>7290008464734</ItemCode>
      <LastSaleDateTime>2026-01-22T18:08:50.000</LastSaleDateTime>
      <ItemType>1</ItemType>
      <ItemName>בירה גולדסטאר SLOWBR</ItemName>
      <ManufactureName>לא ידוע</ManufactureName>
      <ManufactureCountry>לא ידוע</ManufactureCountry>
      <ManufactureItemDescription>בירה גולדסטאר SLOWBR</ManufactureItemDescription>
      <UnitQty>לא ידוע</UnitQty>
      <Quantity>330.00</Quantity>
      <UnitOfMeasure>100 מ"ל</UnitOfMeasure>
      <bIsWeighted>0</bIsWeighted>
      <QtyInPackage>לא ידוע</QtyInPackage>
      <ItemPrice>36.90</ItemPrice>
      <UnitOfMeasurePrice>0.11</UnitOfMeasurePrice>
      <AllowDiscount>1</AllowDiscount>
      <ItemStatus/>
    </Item>
    <Item>
      <PriceUpdateTime>2025-11-13T14:36:35.000</PriceUpdateTime>
      <ItemCode>7290008464338</ItemCode>
      <LastSaleDateTime>2025-10-03T00:00:00.000</LastSaleDateTime>
      <ItemType>1</ItemType>
      <ItemName>בירה מכבי בודד 330 מ</ItemName>
      <ManufactureName>טמפו</ManufactureName>
      <ManufactureCountry>לא ידוע</ManufactureCountry>
      <ManufactureItemDescription>בירה מכבי בודד 330 מ</ManufactureItemDescription>
      <UnitQty>לא ידוע</UnitQty>
      <Quantity>330.00</Quantity>
      <UnitOfMeasure>100 מ"ל</UnitOfMeasure>
      <bIsWeighted>0</bIsWeighted>
      <QtyInPackage>לא ידוע</QtyInPackage>
      <ItemPrice>6.90</ItemPrice>
      <UnitOfMeasurePrice>0.02</UnitOfMeasurePrice>
      <AllowDiscount>1</AllowDiscount>
      <ItemStatus>2</ItemStatus>
    </Item>
    <Item>
      <PriceUpdateTime>2025-11-26T16:11:10.000</PriceUpdateTime>
      <ItemCode>3458081003767</ItemCode>
      <LastSaleDateTime>2015-01-01T00:00:00.000</LastSaleDateTime>
      <ItemType>1</ItemType>
      <ItemName>יין דומיין קברנה סוב</ItemName>
      <ManufactureName>לא ידוע</ManufactureName>
      <ManufactureCountry>לא ידוע</ManufactureCountry>
      <ManufactureItemDescription>יין דומיין קברנה סוב</ManufactureItemDescription>
      <UnitQty>לא ידוע</UnitQty>
      <Quantity>750.00</Quantity>
      <UnitOfMeasure>100 מ"ל</UnitOfMeasure>
      <bIsWeighted>0</bIsWeighted>
      <QtyInPackage>לא ידוע</QtyInPackage>
      <ItemPrice>69.90</ItemPrice>
      <UnitOfMeasurePrice>0.09</UnitOfMeasurePrice>
      <AllowDiscount>1</AllowDiscount>
      <ItemStatus>2</ItemStatus>
    </Item>
    <Item>
      <PriceUpdateTime>2025-11-26T16:11:10.000</PriceUpdateTime>
      <ItemCode>3458081003774</ItemCode>
      <LastSaleDateTime>2015-01-01T00:00:00.000</LastSaleDateTime>
      <ItemType>1</ItemType>
      <ItemName>יין רוזה דומיין 750</ItemName>
      <ManufactureName>לא ידוע</ManufactureName>
      <ManufactureCountry>לא ידוע</ManufactureCountry>
      <ManufactureItemDescription>יין רוזה דומיין 750</ManufactureItemDescription>
      <UnitQty>לא ידוע</UnitQty>
      <Quantity>750.00</Quantity>
      <UnitOfMeasure>100 מ"ל</UnitOfMeasure>
      <bIsWeighted>0</bIsWeighted>
      <QtyInPackage>לא ידוע</QtyInPackage>
      <ItemPrice>69.90</ItemPrice>
      <UnitOfMeasurePrice>0.09</UnitOfMeasurePrice>
      <AllowDiscount>1</AllowDiscount>
      <ItemStatus>2</ItemStatus>
    </Item>
    <Item>
      <PriceUpdateTime>2025-11-26T16:11:10.000</PriceUpdateTime>
      <ItemCode>3458081003781</ItemCode>
      <LastSaleDateTime>2015-01-01T00:00:00.000</LastSaleDateTime>
      <ItemType>1</ItemType>
      <ItemName>יין לבן גרנאש דומיין</ItemName>
      <ManufactureName>לא ידוע</ManufactureName>
      <ManufactureCountry>לא ידוע</ManufactureCountry>
      <ManufactureItemDescription>יין לבן גרנאש דומיין</ManufactureItemDescription>
      <UnitQty>לא ידוע</UnitQty>
      <Quantity>750.00</Quantity>
      <UnitOfMeasure>100 מ"ל</UnitOfMeasure>
      <bIsWeighted>0</bIsWeighted>
      <QtyInPackage>לא ידוע</QtyInPackage>
      <ItemPrice>69.90</ItemPrice>
      <UnitOfMeasurePrice>0.09</UnitOfMeasurePrice>
      <AllowDiscount>1</AllowDiscount>
      <ItemStatus>2</ItemStatus>
    </Item>
    <Item>
      <PriceUpdateTime>2025-11-26T16:11:10.000</PriceUpdateTime>
      <ItemCode>3701201601702</ItemCode>
      <LastSaleDateTime>2015-01-01T00:00:00.000</LastSaleDateTime>
      <ItemType>1</ItemType>
      <ItemName>יין קסטלן מרלו יבש 7</ItemName>
      <ManufactureName>לא ידוע</ManufactureName>
      <ManufactureCountry>לא ידוע</ManufactureCountry>
      <ManufactureItemDescription>יין קסטלן מרלו יבש 7</ManufactureItemDescription>
      <UnitQty>לא ידוע</UnitQty>
      <Quantity>750.00</Quantity>
      <UnitOfMeasure>100 מ"ל</UnitOfMeasure>
      <bIsWeighted>0</bIsWeighted>
      <QtyInPackage>לא ידוע</QtyInPackage>
      <ItemPrice>69.90</ItemPrice>
      <UnitOfMeasurePrice>0.09</UnitOfMeasurePrice>
      <AllowDiscount>1</AllowDiscount>
      <ItemStatus>2</ItemStatus>
    </Item>
    <Item>
      <PriceUpdateTime>2025-11-26T16:11:10.000</PriceUpdateTime>
      <ItemCode>710497551090</ItemCode>
      <LastSaleDateTime>2015-01-01T00:00:00.000</LastSaleDateTime>
      <ItemType>1</ItemType>
      <ItemName>יין רוזה אסנטיאל 750</ItemName>
      <ManufactureName>לא ידוע</ManufactureName>
      <ManufactureCountry>לא ידוע</ManufactureCountry>
      <ManufactureItemDescription>יין רוזה אסנטיאל 750</ManufactureItemDescription>
      <UnitQty>לא ידוע</UnitQty>
      <Quantity>750.00</Quantity>
      <UnitOfMeasure>100 מ"ל</UnitOfMeasure>
      <bIsWeighted>0</bIsWeighted>
      <QtyInPackage>לא ידוע</QtyInPackage>
      <ItemPrice>74.90</ItemPrice>
      <UnitOfMeasurePrice>0.10</UnitOfMeasurePrice>
      <AllowDiscount>1</AllowDiscount>
      <ItemStatus>2</ItemStatus>
    </Item>
    <Item>
      <PriceUpdateTime>2025-11-26T16:11:10.000</PriceUpdateTime>
      <ItemCode>3458081002340</ItemCode>
      <LastSaleDateTime>2015-01-01T00:00:00.000</LastSaleDateTime>
      <ItemType>1</ItemType>
      <ItemName>יין שאטו מרמורייר אד</ItemName>
      <ManufactureName>לא ידוע</ManufactureName>
      <ManufactureCountry>לא ידוע</ManufactureCountry>
      <ManufactureItemDescription>יין שאטו מרמורייר אד</ManufactureItemDescription>
      <UnitQty>לא ידוע</UnitQty>
      <Quantity>750.00</Quantity>
      <UnitOfMeasure>100 מ"ל</UnitOfMeasure>
      <bIsWeighted>0</bIsWeighted>
      <QtyInPackage>לא ידוע</QtyInPackage>
      <ItemPrice>109.90</ItemPrice>
      <UnitOfMeasurePrice>0.15</UnitOfMeasurePrice>
      <AllowDiscount>1</AllowDiscount>
      <ItemStatus>2</ItemStatus>
    </Item>
    <Item>
      <PriceUpdateTime>2025-11-26T16:11:10.000</PriceUpdateTime>
      <ItemCode>3550510006001</ItemCode>
      <LastSaleDateTime>2015-01-01T00:00:00.000</LastSaleDateTime>
      <ItemType>1</ItemType>
      <ItemName>יין שאטו גייראור רוז</ItemName>
      <ManufactureName>לא ידוע</ManufactureName>
      <ManufactureCountry>לא ידוע</ManufactureCountry>
      <ManufactureItemDescription>יין שאטו גייראור רוז</ManufactureItemDescription>
      <UnitQty>לא ידוע</UnitQty>
      <Quantity>750.00</Quantity>
      <UnitOfMeasure>100 מ"ל</UnitOfMeasure>
      <bIsWeighted>0</bIsWeighted>
      <QtyInPackage>לא ידוע</QtyInPackage>
      <ItemPrice>79.90</ItemPrice>
      <UnitOfMeasurePrice>0.11</UnitOfMeasurePrice>
      <AllowDiscount>1</AllowDiscount>
      <ItemStatus>2</ItemStatus>
    </Item>
    <Item>
      <PriceUpdateTime>2025-11-26T16:11:10.000</PriceUpdateTime>
      <ItemCode>3701201601887</ItemCode>
      <LastSaleDateTime>2015-01-01T00:00:00.000</LastSaleDateTime>
      <ItemType>1</ItemType>
      <ItemName>יין לבן אנקלו דה זיי</ItemName>
      <ManufactureName>לא ידוע</ManufactureName>
      <ManufactureCountry>לא ידוע</ManufactureCountry>
      <ManufactureItemDescription>יין לבן אנקלו דה זיי</ManufactureItemDescription>
      <UnitQty>לא ידוע</UnitQty>
      <Quantity>750.00</Quantity>
      <UnitOfMeasure>100 מ"ל</UnitOfMeasure>
      <bIsWeighted>0</bIsWeighted>
      <QtyInPackage>לא ידוע</QtyInPackage>
      <ItemPrice>79.90</ItemPrice>
      <UnitOfMeasurePrice>0.11</UnitOfMeasurePrice>
      <AllowDiscount>1</AllowDiscount>
      <ItemStatus>2</ItemStatus>
    </Item>
    <Item>
      <PriceUpdateTime>2025-11-26T16:11:11.000</PriceUpdateTime>
      <ItemCode>3701201601900</ItemCode>
      <LastSaleDateTime>2015-01-01T00:00:00.000</LastSaleDateTime>
      <ItemType>1</ItemType>
      <ItemName>יין קסטלן בורדו 750</ItemName>
      <ManufactureName>לא ידוע</ManufactureName>
      <ManufactureCountry>לא ידוע</ManufactureCountry>
      <ManufactureItemDescription>יין קסטלן בורדו 750</ManufactureItemDescription>
      <UnitQty>לא ידוע</UnitQty>
      <Quantity>750.00</Quantity>
      <UnitOfMeasure>100 מ"ל</UnitOfMeasure>
      <bIsWeighted>0</bIsWeighted>
      <QtyInPackage>לא ידוע</QtyInPackage>
      <ItemPrice>69.90</ItemPrice>
      <UnitOfMeasurePrice>0.09</UnitOfMeasurePrice>
      <AllowDiscount>1</AllowDiscount>
      <ItemStatus>2</ItemStatus>
    </Item>
    <Item>
      <PriceUpdateTime>2025-11-26T16:11:11.000</PriceUpdateTime>
      <ItemCode>3701201601924</ItemCode>
      <LastSaleDateTime>2015-01-01T00:00:00.000</LastSaleDateTime>
      <ItemType>1</ItemType>
      <ItemName>יין קסטלן רוזה יבש 7</ItemName>
      <ManufactureName>לא ידוע</ManufactureName>
      <ManufactureCountry>לא ידוע</ManufactureCountry>
      <ManufactureItemDescription>יין קסטלן רוזה יבש 7</ManufactureItemDescription>
      <UnitQty>לא ידוע</UnitQty>
      <Quantity>750.00</Quantity>
      <UnitOfMeasure>100 מ"ל</UnitOfMeasure>
      <bIsWeighted>0</bIsWeighted>
      <QtyInPackage>לא ידוע</QtyInPackage>
      <ItemPrice>69.90</ItemPrice>
      <UnitOfMeasurePrice>0.09</UnitOfMeasurePrice>
      <AllowDiscount>1</AllowDiscount>
      <ItemStatus>2</ItemStatus>
    </Item>
    <Item>
      <PriceUpdateTime>2025-11-26T16:11:11.000</PriceUpdateTime>
      <ItemCode>3760098352265</ItemCode>
      <LastSaleDateTime>2015-01-01T00:00:00.000</LastSaleDateTime>
      <ItemType>1</ItemType>
      <ItemName>יין שאטו סנט מרטין ר</ItemName>
      <ManufactureName>לא ידוע</ManufactureName>
      <ManufactureCountry>לא ידוע</ManufactureCountry>
      <ManufactureItemDescription>יין שאטו סנט מרטין ר</ManufactureItemDescription>
      <UnitQty>לא ידוע</UnitQty>
      <Quantity>750.00</Quantity>
      <UnitOfMeasure>100 מ"ל</UnitOfMeasure>
      <bIsWeighted>0</bIsWeighted>
      <QtyInPackage>לא ידוע</QtyInPackage>
      <ItemPrice>119.90</ItemPrice>
      <UnitOfMeasurePrice>0.16</UnitOfMeasurePrice>
      <AllowDiscount>1</AllowDiscount>
      <ItemStatus>2</ItemStatus>
    </Item>
    <Item>
      <PriceUpdateTime>2025-11-26T16:11:11.000</PriceUpdateTime>
      <ItemCode>7290006299048</ItemCode>
      <LastSaleDateTime>2015-01-01T00:00:00.000</LastSaleDateTime>
      <ItemType>1</ItemType>
      <ItemName>יין אדום רזרב גוסף ה</ItemName>
      <ManufactureName>לא ידוע</ManufactureName>
      <ManufactureCountry>לא ידוע</ManufactureCountry>
      <ManufactureItemDescription>יין אדום רזרב גוסף ה</ManufactureItemDescription>
      <UnitQty>לא ידוע</UnitQty>
      <Quantity>750.00</Quantity>
      <UnitOfMeasure>100 מ"ל</UnitOfMeasure>
      <bIsWeighted>0</bIsWeighted>
      <QtyInPackage>לא ידוע</QtyInPackage>
      <ItemPrice>109.90</ItemPrice>
      <UnitOfMeasurePrice>0.15</UnitOfMeasurePrice>
      <AllowDiscount>1</AllowDiscount>
      <ItemStatus>2</ItemStatus>
    </Item>
    <Item>
      <PriceUpdateTime>2025-11-26T16:11:11.000</PriceUpdateTime>
      <ItemCode>7290006299055</ItemCode>
      <LastSaleDateTime>2015-01-01T00:00:00.000</LastSaleDateTime>
      <ItemType>1</ItemType>
      <ItemName>יין ג'וזף קברנה הרי</ItemName>
      <ManufactureName>לא ידוע</ManufactureName>
      <ManufactureCountry>לא ידוע</ManufactureCountry>
      <ManufactureItemDescription>יין ג'וזף קברנה הרי</ManufactureItemDescription>
      <UnitQty>לא ידוע</UnitQty>
      <Quantity>750.00</Quantity>
      <UnitOfMeasure>100 מ"ל</UnitOfMeasure>
      <bIsWeighted>0</bIsWeighted>
      <QtyInPackage>לא ידוע</QtyInPackage>
      <ItemPrice>69.90</ItemPrice>
      <UnitOfMeasurePrice>0.09</UnitOfMeasurePrice>
      <AllowDiscount>1</AllowDiscount>
      <ItemStatus>2</ItemStatus>
    </Item>
    <Item>
      <PriceUpdateTime>2025-11-30T08:21:01.000</PriceUpdateTime>
      <ItemCode>7290018294352</ItemCode>
      <LastSaleDateTime>2026-01-29T15:59:19.000</LastSaleDateTime>
      <ItemType>1</ItemType>
      <ItemName>ערק כרמל 37.5% 700 מ</ItemName>
      <ManufactureName>לא ידוע</ManufactureName>
      <ManufactureCountry>לא ידוע</ManufactureCountry>
      <ManufactureItemDescription>ערק כרמל 37.5% 700 מ</ManufactureItemDescription>
      <UnitQty>לא ידוע</UnitQty>
      <Quantity>700.00</Quantity>
      <UnitOfMeasure>100 מ"ל</UnitOfMeasure>
      <bIsWeighted>0</bIsWeighted>
      <QtyInPackage>לא ידוע</QtyInPackage>
      <ItemPrice>54.90</ItemPrice>
      <UnitOfMeasurePrice>0.08</UnitOfMeasurePrice>
      <AllowDiscount>1</AllowDiscount>
      <ItemStatus/>
    </Item>
    <Item>
      <PriceUpdateTime>2025-12-01T16:35:17.000</PriceUpdateTime>
      <ItemCode>7290000023083</ItemCode>
      <LastSaleDateTime>2026-01-28T18:50:23.000</LastSaleDateTime>
      <ItemType>1</ItemType>
      <ItemName>ערק אשקלון 700 מ"ל</ItemName>
      <ManufactureName>טמפו</ManufactureName>
      <ManufactureCountry>ישראל</ManufactureCountry>
      <ManufactureItemDescription>ערק אשקלון 700 מ"ל</ManufactureItemDescription>
      <UnitQty>לא ידוע</UnitQty>
      <Quantity>700.00</Quantity>
      <UnitOfMeasure>100 מ"ל</UnitOfMeasure>
      <bIsWeighted>0</bIsWeighted>
      <QtyInPackage>לא ידוע</QtyInPackage>
      <ItemPrice>49.90</ItemPrice>
      <UnitOfMeasurePrice>0.07</UnitOfMeasurePrice>
      <AllowDiscount>1</AllowDiscount>
      <ItemStatus/>
    </Item>
    <Item>
      <PriceUpdateTime>2025-12-21T09:00:47.000</PriceUpdateTime>
      <ItemCode>5201015011981</ItemCode>
      <LastSaleDateTime>2025-12-26T00:00:00.000</LastSaleDateTime>
      <ItemType>1</ItemType>
      <ItemName>אוזו דקה מס 10 700מל</ItemName>
      <ManufactureName>לא ידוע</ManufactureName>
      <ManufactureCountry>לא ידוע</ManufactureCountry>
      <ManufactureItemDescription>אוזו דקה מס 10 700מל</ManufactureItemDescription>
      <UnitQty>לא ידוע</UnitQty>
      <Quantity>700.00</Quantity>
      <UnitOfMeasure>100 מ"ל</UnitOfMeasure>
      <bIsWeighted>0</bIsWeighted>
      <QtyInPackage>לא ידוע</QtyInPackage>
      <ItemPrice>75.90</ItemPrice>
      <UnitOfMeasurePrice>0.11</UnitOfMeasurePrice>
      <AllowDiscount>1</AllowDiscount>
      <ItemStatus/>
    </Item>
    <Item>
      <PriceUpdateTime>2025-12-21T09:00:47.000</PriceUpdateTime>
      <ItemCode>7610113000175</ItemCode>
      <LastSaleDateTime>2026-01-12T18:01:43.000</LastSaleDateTime>
      <ItemType>1</ItemType>
      <ItemName>בקרדי מוחיטו 700 מ"ל</ItemName>
      <ManufactureName>לא ידוע</ManufactureName>
      <ManufactureCountry>לא ידוע</ManufactureCountry>
      <ManufactureItemDescription>בקרדי מוחיטו 700 מ"ל</ManufactureItemDescription>
      <UnitQty>לא ידוע</UnitQty>
      <Quantity>700.00</Quantity>
      <UnitOfMeasure>100 מ"ל</UnitOfMeasure>
      <bIsWeighted>0</bIsWeighted>
      <QtyInPackage>לא ידוע</QtyInPackage>
      <ItemPrice>79.90</ItemPrice>
      <UnitOfMeasurePrice>0.11</UnitOfMeasurePrice>
      <AllowDiscount>1</AllowDiscount>
      <ItemStatus/>
    </Item>
    <Item>
      <PriceUpdateTime>2025-12-21T09:00:47.000</PriceUpdateTime>
      <ItemCode>9421012620207</ItemCode>
      <LastSaleDateTime>2026-01-22T17:32:47.000</LastSaleDateTime>
      <ItemType>1</ItemType>
      <ItemName>וודקה 42 בילואו 700</ItemName>
      <ManufactureName>לא ידוע</ManufactureName>
      <ManufactureCountry>לא ידוע</ManufactureCountry>
      <ManufactureItemDescription>וודקה 42 בילואו 700</ManufactureItemDescription>
      <UnitQty>מטרים</UnitQty>
      <Quantity>700.00</Quantity>
      <UnitOfMeasure>100 מ'ל</UnitOfMeasure>
      <bIsWeighted>0</bIsWeighted>
      <QtyInPackage>לא ידוע</QtyInPackage>
      <ItemPrice>69.90</ItemPrice>
      <UnitOfMeasurePrice>0.10</UnitOfMeasurePrice>
      <AllowDiscount>1</AllowDiscount>
      <ItemStatus/>
    </Item>
    <Item>
      <PriceUpdateTime>2025-12-24T11:39:25.000</PriceUpdateTime>
      <ItemCode>5000267023601</ItemCode>
      <LastSaleDateTime>2015-01-01T00:00:00.000</LastSaleDateTime>
      <ItemType>1</ItemType>
      <ItemName>וויסקי בלאק לייבל 1</ItemName>
      <ManufactureName>לא ידוע</ManufactureName>
      <ManufactureCountry>לא ידוע</ManufactureCountry>
      <ManufactureItemDescription>וויסקי בלאק לייבל 1</ManufactureItemDescription>
      <UnitQty>ליטר</UnitQty>
      <Quantity>1.00</Quantity>
      <UnitOfMeasure>ליטר    </UnitOfMeasure>
      <bIsWeighted>0</bIsWeighted>
      <QtyInPackage>לא ידוע</QtyInPackage>
      <ItemPrice>139.90</ItemPrice>
      <UnitOfMeasurePrice>139.90</UnitOfMeasurePrice>
      <AllowDiscount>1</AllowDiscount>
      <ItemStatus>2</ItemStatus>
    </Item>
    <Item>
      <PriceUpdateTime>2025-12-25T07:44:22.000</PriceUpdateTime>
      <ItemCode>7290011240318</ItemCode>
      <LastSaleDateTime>2015-01-01T00:00:00.000</LastSaleDateTime>
      <ItemType>1</ItemType>
      <ItemName>שאטו דה למר קברנה סו</ItemName>
      <ManufactureName>יקבי ציון</ManufactureName>
      <ManufactureCountry>ישראל</ManufactureCountry>
      <ManufactureItemDescription>שאטו דה למר קברנה סו</ManufactureItemDescription>
      <UnitQty>לא ידוע</UnitQty>
      <Quantity>750.00</Quantity>
      <UnitOfMeasure>100 מ"ל</UnitOfMeasure>
      <bIsWeighted>0</bIsWeighted>
      <QtyInPackage>לא ידוע</QtyInPackage>
      <ItemPrice>18.90</ItemPrice>
      <UnitOfMeasurePrice>0.03</UnitOfMeasurePrice>
      <AllowDiscount>1</AllowDiscount>
      <ItemStatus>2</ItemStatus>
    </Item>
    <Item>
      <PriceUpdateTime>2025-12-25T07:44:22.000</PriceUpdateTime>
      <ItemCode>7290011240608</ItemCode>
      <LastSaleDateTime>2015-01-01T00:00:00.000</LastSaleDateTime>
      <ItemType>1</ItemType>
      <ItemName>יין שאטו דה למר 750</ItemName>
      <ManufactureName>יקבי ציון</ManufactureName>
      <ManufactureCountry>ישראל</ManufactureCountry>
      <ManufactureItemDescription>יין שאטו דה למר 750</ManufactureItemDescription>
      <UnitQty>לא ידוע</UnitQty>
      <Quantity>750.00</Quantity>
      <UnitOfMeasure>100 מ"ל</UnitOfMeasure>
      <bIsWeighted>0</bIsWeighted>
      <QtyInPackage>לא ידוע</QtyInPackage>
      <ItemPrice>18.90</ItemPrice>
      <UnitOfMeasurePrice>0.03</UnitOfMeasurePrice>
      <AllowDiscount>1</AllowDiscount>
      <ItemStatus>2</ItemStatus>
    </Item>
    <Item>
      <PriceUpdateTime>2025-12-25T07:44:22.000</PriceUpdateTime>
      <ItemCode>7290011240837</ItemCode>
      <LastSaleDateTime>2015-01-01T00:00:00.000</LastSaleDateTime>
      <ItemType>1</ItemType>
      <ItemName>יין שאטו דה למר מרלו</ItemName>
      <ManufactureName>יקבי ציון</ManufactureName>
      <ManufactureCountry>ישראל</ManufactureCountry>
      <ManufactureItemDescription>יין שאטו דה למר מרלו</ManufactureItemDescription>
      <UnitQty>לא ידוע</UnitQty>
      <Quantity>750.00</Quantity>
      <UnitOfMeasure>100 מ"ל</UnitOfMeasure>
      <bIsWeighted>0</bIsWeighted>
      <QtyInPackage>לא ידוע</QtyInPackage>
      <ItemPrice>18.90</ItemPrice>
      <UnitOfMeasurePrice>0.03</UnitOfMeasurePrice>
      <AllowDiscount>1</AllowDiscount>
      <ItemStatus>2</ItemStatus>
    </Item>
    <Item>
      <PriceUpdateTime>2025-12-28T07:56:35.000</PriceUpdateTime>
      <ItemCode>7290015781268</ItemCode>
      <LastSaleDateTime>2015-01-01T00:00:00.000</LastSaleDateTime>
      <ItemType>1</ItemType>
      <ItemName>יין אדום מוסקטו</ItemName>
      <ManufactureName>טפרברג</ManufactureName>
      <ManufactureCountry>לא ידוע</ManufactureCountry>
      <ManufactureItemDescription>יין אדום מוסקטו</ManufactureItemDescription>
      <UnitQty>לא ידוע</UnitQty>
      <Quantity>750.00</Quantity>
      <UnitOfMeasure>100 מ"ל</UnitOfMeasure>
      <bIsWeighted>0</bIsWeighted>
      <QtyInPackage>לא ידוע</QtyInPackage>
      <ItemPrice>44.90</ItemPrice>
      <UnitOfMeasurePrice>0.06</UnitOfMeasurePrice>
      <AllowDiscount>1</AllowDiscount>
      <ItemStatus>2</ItemStatus>
    </Item>
    <Item>
      <PriceUpdateTime>2025-12-28T07:56:35.000</PriceUpdateTime>
      <ItemCode>7290015781275</ItemCode>
      <LastSaleDateTime>2025-08-28T00:00:00.000</LastSaleDateTime>
      <ItemType>1</ItemType>
      <ItemName>יין לבן מוסקטו</ItemName>
      <ManufactureName>טפרברג</ManufactureName>
      <ManufactureCountry>לא ידוע</ManufactureCountry>
      <ManufactureItemDescription>יין לבן מוסקטו</ManufactureItemDescription>
      <UnitQty>לא ידוע</UnitQty>
      <Quantity>750.00</Quantity>
      <UnitOfMeasure>100 מ"ל</UnitOfMeasure>
      <bIsWeighted>0</bIsWeighted>
      <QtyInPackage>לא ידוע</QtyInPackage>
      <ItemPrice>44.90</ItemPrice>
      <UnitOfMeasurePrice>0.06</UnitOfMeasurePrice>
      <AllowDiscount>1</AllowDiscount>
      <ItemStatus>2</ItemStatus>
    </Item>
    <Item>
      <PriceUpdateTime>2025-12-31T08:48:46.000</PriceUpdateTime>
      <ItemCode>7290008909761</ItemCode>
      <LastSaleDateTime>2026-01-29T17:22:42.000</LastSaleDateTime>
      <ItemType>1</ItemType>
      <ItemName>בירה לאגר קרלסברג בק</ItemName>
      <ManufactureName>החברה המרכזית</ManufactureName>
      <ManufactureCountry>לא ידוע</ManufactureCountry>
      <ManufactureItemDescription>בירה לאגר קרלסברג בק</ManufactureItemDescription>
      <UnitQty>לא ידוע</UnitQty>
      <Quantity>330.00</Quantity>
      <UnitOfMeasure>100 מ"ל</UnitOfMeasure>
      <bIsWeighted>0</bIsWeighted>
      <QtyInPackage>לא ידוע</QtyInPackage>
      <ItemPrice>7.80</ItemPrice>
      <UnitOfMeasurePrice>0.02</UnitOfMeasurePrice>
      <AllowDiscount>1</AllowDiscount>
      <ItemStatus/>
    </Item>
    <Item>
      <PriceUpdateTime>2026-01-01T10:22:12.000</PriceUpdateTime>
      <ItemCode>10237685</ItemCode>
      <LastSaleDateTime>2015-01-01T00:00:00.000</LastSaleDateTime>
      <ItemType>1</ItemType>
      <ItemName>היינקן ח"פ 330 בקבוק</ItemName>
      <ManufactureName>טמפו</ManufactureName>
      <ManufactureCountry>ישראל</ManufactureCountry>
      <ManufactureItemDescription>היינקן ח"פ 330 בקבוק 24 י</ManufactureItemDescription>
      <UnitQty>יחידות</UnitQty>
      <Quantity>330.00</Quantity>
      <UnitOfMeasure>יחידה   </UnitOfMeasure>
      <bIsWeighted>0</bIsWeighted>
      <QtyInPackage>לא ידוע</QtyInPackage>
      <ItemPrice>8.90</ItemPrice>
      <UnitOfMeasurePrice>0.03</UnitOfMeasurePrice>
      <AllowDiscount>1</AllowDiscount>
      <ItemStatus>2</ItemStatus>
    </Item>
    <Item>
      <PriceUpdateTime>2026-01-01T10:22:13.000</PriceUpdateTime>
      <ItemCode>7290110118334</ItemCode>
      <LastSaleDateTime>2026-01-20T16:33:50.000</LastSaleDateTime>
      <ItemType>1</ItemType>
      <ItemName>בירה קרלסברג 330 מ"ל</ItemName>
      <ManufactureName>לא ידוע</ManufactureName>
      <ManufactureCountry>לא ידוע</ManufactureCountry>
      <ManufactureItemDescription>בירה קרלסברג 330 מ"ל</ManufactureItemDescription>
      <UnitQty>לא ידוע</UnitQty>
      <Quantity>1320.00</Quantity>
      <UnitOfMeasure>100 מ"ל</UnitOfMeasure>
      <bIsWeighted>0</bIsWeighted>
      <QtyInPackage>לא ידוע</QtyInPackage>
      <ItemPrice>34.90</ItemPrice>
      <UnitOfMeasurePrice>0.03</UnitOfMeasurePrice>
      <AllowDiscount>1</AllowDiscount>
      <ItemStatus/>
    </Item>
    <Item>
      <PriceUpdateTime>2026-01-04T08:03:55.000</PriceUpdateTime>
      <ItemCode>7290014466609</ItemCode>
      <LastSaleDateTime>2025-12-02T00:00:00.000</LastSaleDateTime>
      <ItemType>1</ItemType>
      <ItemName>גמלא מרלו 750 מ"ל</ItemName>
      <ManufactureName>יקב רמת הגולן</ManufactureName>
      <ManufactureCountry>לא ידוע</ManufactureCountry>
      <ManufactureItemDescription>גמלא מרלו 750 מ"ל</ManufactureItemDescription>
      <UnitQty>לא ידוע</UnitQty>
      <Quantity>750.00</Quantity>
      <UnitOfMeasure>100 מ"ל</UnitOfMeasure>
      <bIsWeighted>0</bIsWeighted>
      <QtyInPackage>לא ידוע</QtyInPackage>
      <ItemPrice>49.90</ItemPrice>
      <UnitOfMeasurePrice>0.07</UnitOfMeasurePrice>
      <AllowDiscount>1</AllowDiscount>
      <ItemStatus/>
    </Item>
    <Item>
      <PriceUpdateTime>2026-01-04T15:41:34.000</PriceUpdateTime>
      <ItemCode>4820229031281</ItemCode>
      <LastSaleDateTime>2015-01-01T00:00:00.000</LastSaleDateTime>
      <ItemType>1</ItemType>
      <ItemName>וודקה חורטיצה קלאסיק</ItemName>
      <ManufactureName>לא ידוע</ManufactureName>
      <ManufactureCountry>לא ידוע</ManufactureCountry>
      <ManufactureItemDescription>וודקה חורטיצה קלאסיק</ManufactureItemDescription>
      <UnitQty>לא ידוע</UnitQty>
      <Quantity>700.00</Quantity>
      <UnitOfMeasure>100 מ"ל</UnitOfMeasure>
      <bIsWeighted>0</bIsWeighted>
      <QtyInPackage>לא ידוע</QtyInPackage>
      <ItemPrice>59.90</ItemPrice>
      <UnitOfMeasurePrice>0.09</UnitOfMeasurePrice>
      <AllowDiscount>1</AllowDiscount>
      <ItemStatus>2</ItemStatus>
    </Item>
    <Item>
      <PriceUpdateTime>2026-01-04T15:41:34.000</PriceUpdateTime>
      <ItemCode>4820229031311</ItemCode>
      <LastSaleDateTime>2015-01-01T00:00:00.000</LastSaleDateTime>
      <ItemType>1</ItemType>
      <ItemName>חורטיצה פלטינום 700</ItemName>
      <ManufactureName>לא ידוע</ManufactureName>
      <ManufactureCountry>לא ידוע</ManufactureCountry>
      <ManufactureItemDescription>חורטיצה פלטינום 700</ManufactureItemDescription>
      <UnitQty>לא ידוע</UnitQty>
      <Quantity>700.00</Quantity>
      <UnitOfMeasure>100 מ"ל</UnitOfMeasure>
      <bIsWeighted>0</bIsWeighted>
      <QtyInPackage>לא ידוע</QtyInPackage>
      <ItemPrice>59.90</ItemPrice>
      <UnitOfMeasurePrice>0.09</UnitOfMeasurePrice>
      <AllowDiscount>1</AllowDiscount>
      <ItemStatus>2</ItemStatus>
    </Item>
    <Item>
      <PriceUpdateTime>2026-01-04T15:41:34.000</PriceUpdateTime>
      <ItemCode>5010327399614</ItemCode>
      <LastSaleDateTime>2026-01-29T10:04:49.000</LastSaleDateTime>
      <ItemType>1</ItemType>
      <ItemName>ווסקי גלנפידיך 12 70</ItemName>
      <ManufactureName>לא ידוע</ManufactureName>
      <ManufactureCountry>לא ידוע</ManufactureCountry>
      <ManufactureItemDescription>ווסקי גלנפידיך 12 70</ManufactureItemDescription>
      <UnitQty>לא ידוע</UnitQty>
      <Quantity>700.00</Quantity>
      <UnitOfMeasure>100 מ"ל</UnitOfMeasure>
      <bIsWeighted>0</bIsWeighted>
      <QtyInPackage>לא ידוע</QtyInPackage>
      <ItemPrice>159.90</ItemPrice>
      <UnitOfMeasurePrice>0.23</UnitOfMeasurePrice>
      <AllowDiscount>1</AllowDiscount>
      <ItemStatus/>
    </Item>
    <Item>
      <PriceUpdateTime>2026-01-05T08:10:35.000</PriceUpdateTime>
      <ItemCode>7290008464130</ItemCode>
      <LastSaleDateTime>2026-01-22T20:03:45.000</LastSaleDateTime>
      <ItemType>1</ItemType>
      <ItemName>בירה גולדסטאר לא מסו</ItemName>
      <ManufactureName>טמפו</ManufactureName>
      <ManufactureCountry>ישראל</ManufactureCountry>
      <ManufactureItemDescription>גולדסטאר לא מסונן ח"פ 330</ManufactureItemDescription>
      <UnitQty>ליטר</UnitQty>
      <Quantity>1.98</Quantity>
      <UnitOfMeasure>ליטר    </UnitOfMeasure>
      <bIsWeighted>0</bIsWeighted>
      <QtyInPackage>לא ידוע</QtyInPackage>
      <ItemPrice>37.90</ItemPrice>
      <UnitOfMeasurePrice>19.14</UnitOfMeasurePrice>
      <AllowDiscount>1</AllowDiscount>
      <ItemStatus/>
    </Item>
    <Item>
      <PriceUpdateTime>2026-01-05T08:10:52.000</PriceUpdateTime>
      <ItemCode>7290005896453</ItemCode>
      <LastSaleDateTime>2025-09-02T00:00:00.000</LastSaleDateTime>
      <ItemType>1</ItemType>
      <ItemName>בירה מכבי 7.9% 500 מ</ItemName>
      <ManufactureName>טמפו</ManufactureName>
      <ManufactureCountry>ישראל</ManufactureCountry>
      <ManufactureItemDescription>גולדסטאר חוזר 500 בקבוק 2</ManufactureItemDescription>
      <UnitQty>לא ידוע</UnitQty>
      <Quantity>500.00</Quantity>
      <UnitOfMeasure>100 מ"ל</UnitOfMeasure>
      <bIsWeighted>0</bIsWeighted>
      <QtyInPackage>לא ידוע</QtyInPackage>
      <ItemPrice>7.50</ItemPrice>
      <UnitOfMeasurePrice>0.02</UnitOfMeasurePrice>
      <AllowDiscount>1</AllowDiscount>
      <ItemStatus>2</ItemStatus>
    </Item>
    <Item>
      <PriceUpdateTime>2026-01-05T11:32:45.000</PriceUpdateTime>
      <ItemCode>5010677714006</ItemCode>
      <LastSaleDateTime>2026-01-28T14:26:43.000</LastSaleDateTime>
      <ItemType>1</ItemType>
      <ItemName>בומביי ספייר 700 מל</ItemName>
      <ManufactureName>לא ידוע</ManufactureName>
      <ManufactureCountry>לא ידוע</ManufactureCountry>
      <ManufactureItemDescription>בומביי ספייר 700 מל</ManufactureItemDescription>
      <UnitQty>לא ידוע</UnitQty>
      <Quantity>1.00</Quantity>
      <UnitOfMeasure>יח'</UnitOfMeasure>
      <bIsWeighted>0</bIsWeighted>
      <QtyInPackage>לא ידוע</QtyInPackage>
      <ItemPrice>114.90</ItemPrice>
      <UnitOfMeasurePrice>114.90</UnitOfMeasurePrice>
      <AllowDiscount>1</AllowDiscount>
      <ItemStatus/>
    </Item>
    <Item>
      <PriceUpdateTime>2026-01-06T08:24:45.000</PriceUpdateTime>
      <ItemCode>6440003100026</ItemCode>
      <LastSaleDateTime>2026-01-29T19:02:42.000</LastSaleDateTime>
      <ItemType>1</ItemType>
      <ItemName>וודקה פינלנדיה 1 ליט</ItemName>
      <ManufactureName>לא ידוע</ManufactureName>
      <ManufactureCountry>לא ידוע</ManufactureCountry>
      <ManufactureItemDescription>וודקה פינלנדיה 1 ליט</ManufactureItemDescription>
      <UnitQty>מטרים</UnitQty>
      <Quantity>1000.00</Quantity>
      <UnitOfMeasure>100 מ'ל</UnitOfMeasure>
      <bIsWeighted>0</bIsWeighted>
      <QtyInPackage>לא ידוע</QtyInPackage>
      <ItemPrice>84.80</ItemPrice>
      <UnitOfMeasurePrice>0.08</UnitOfMeasurePrice>
      <AllowDiscount>1</AllowDiscount>
      <ItemStatus/>
    </Item>
    <Item>
      <PriceUpdateTime>2026-01-06T11:44:13.000</PriceUpdateTime>
      <ItemCode>4067700014849</ItemCode>
      <LastSaleDateTime>2026-01-29T13:07:44.000</LastSaleDateTime>
      <ItemType>1</ItemType>
      <ItemName>יגרמייסטר 700 מל</ItemName>
      <ManufactureName>ייגרמייסטר</ManufactureName>
      <ManufactureCountry>גרמניה</ManufactureCountry>
      <ManufactureItemDescription>יגרמייסטר 70 ס"ל כשר</ManufactureItemDescription>
      <UnitQty>לא ידוע</UnitQty>
      <Quantity>700.00</Quantity>
      <UnitOfMeasure>100 מ"ל</UnitOfMeasure>
      <bIsWeighted>0</bIsWeighted>
      <QtyInPackage>לא ידוע</QtyInPackage>
      <ItemPrice>84.90</ItemPrice>
      <UnitOfMeasurePrice>0.12</UnitOfMeasurePrice>
      <AllowDiscount>1</AllowDiscount>
      <ItemStatus/>
    </Item>
    <Item>
      <PriceUpdateTime>2026-01-08T09:00:47.000</PriceUpdateTime>
      <ItemCode>7501064191527</ItemCode>
      <LastSaleDateTime>2026-01-29T21:50:15.000</LastSaleDateTime>
      <ItemType>1</ItemType>
      <ItemName>קורונה מארז שישיה 6*</ItemName>
      <ManufactureName>לא ידוע</ManufactureName>
      <ManufactureCountry>לא ידוע</ManufactureCountry>
      <ManufactureItemDescription>קורונה מארז שישיה 6*</ManufactureItemDescription>
      <UnitQty>ליטר</UnitQty>
      <Quantity>2.13</Quantity>
      <UnitOfMeasure>ליטר    </UnitOfMeasure>
      <bIsWeighted>0</bIsWeighted>
      <QtyInPackage>לא ידוע</QtyInPackage>
      <ItemPrice>38.90</ItemPrice>
      <UnitOfMeasurePrice>18.26</UnitOfMeasurePrice>
      <AllowDiscount>1</AllowDiscount>
      <ItemStatus/>
    </Item>
    <Item>
      <PriceUpdateTime>2026-01-08T09:00:47.000</PriceUpdateTime>
      <ItemCode>5010677716000</ItemCode>
      <LastSaleDateTime>2015-01-01T00:00:00.000</LastSaleDateTime>
      <ItemType>1</ItemType>
      <ItemName>בומביי גין 1 ליטר</ItemName>
      <ManufactureName>לא ידוע</ManufactureName>
      <ManufactureCountry>לא ידוע</ManufactureCountry>
      <ManufactureItemDescription>בומביי גין 1 ליטר</ManufactureItemDescription>
      <UnitQty>מטרים</UnitQty>
      <Quantity>1000.00</Quantity>
      <UnitOfMeasure>100 מ'ל</UnitOfMeasure>
      <bIsWeighted>0</bIsWeighted>
      <QtyInPackage>לא ידוע</QtyInPackage>
      <ItemPrice>119.90</ItemPrice>
      <UnitOfMeasurePrice>0.12</UnitOfMeasurePrice>
      <AllowDiscount>1</AllowDiscount>
      <ItemStatus>2</ItemStatus>
    </Item>
    <Item>
      <PriceUpdateTime>2026-01-11T12:50:39.000</PriceUpdateTime>
      <ItemCode>7290019398950</ItemCode>
      <LastSaleDateTime>2015-01-01T00:00:00.000</LastSaleDateTime>
      <ItemType>1</ItemType>
      <ItemName>יין הנדיב 750 מל</ItemName>
      <ManufactureName>לא ידוע</ManufactureName>
      <ManufactureCountry>לא ידוע</ManufactureCountry>
      <ManufactureItemDescription>יין הנדיב 750 מל</ManufactureItemDescription>
      <UnitQty>מטרים</UnitQty>
      <Quantity>750.00</Quantity>
      <UnitOfMeasure>100 מ'ל</UnitOfMeasure>
      <bIsWeighted>0</bIsWeighted>
      <QtyInPackage>לא ידוע</QtyInPackage>
      <ItemPrice>99.90</ItemPrice>
      <UnitOfMeasurePrice>0.13</UnitOfMeasurePrice>
      <AllowDiscount>1</AllowDiscount>
      <ItemStatus>2</ItemStatus>
    </Item>
    <Item>
      <PriceUpdateTime>2026-01-11T12:50:40.000</PriceUpdateTime>
      <ItemCode>7290019398967</ItemCode>
      <LastSaleDateTime>2026-01-27T12:47:22.000</LastSaleDateTime>
      <ItemType>1</ItemType>
      <ItemName>יין הנדיב 750 מל</ItemName>
      <ManufactureName>לא ידוע</ManufactureName>
      <ManufactureCountry>לא ידוע</ManufactureCountry>
      <ManufactureItemDescription>יין הנדיב 750 מל</ManufactureItemDescription>
      <UnitQty>מטרים</UnitQty>
      <Quantity>750.00</Quantity>
      <UnitOfMeasure>100 מ'ל</UnitOfMeasure>
      <bIsWeighted>0</bIsWeighted>
      <QtyInPackage>לא ידוע</QtyInPackage>
      <ItemPrice>59.90</ItemPrice>
      <UnitOfMeasurePrice>0.08</UnitOfMeasurePrice>
      <AllowDiscount>1</AllowDiscount>
      <ItemStatus/>
    </Item>
    <Item>
      <PriceUpdateTime>2026-01-11T12:50:40.000</PriceUpdateTime>
      <ItemCode>7290019398981</ItemCode>
      <LastSaleDateTime>2015-01-01T00:00:00.000</LastSaleDateTime>
      <ItemType>1</ItemType>
      <ItemName>יין הנדיב 750 מל</ItemName>
      <ManufactureName>לא ידוע</ManufactureName>
      <ManufactureCountry>לא ידוע</ManufactureCountry>
      <ManufactureItemDescription>יין הנדיב 750 מל</ManufactureItemDescription>
      <UnitQty>מטרים</UnitQty>
      <Quantity>750.00</Quantity>
      <UnitOfMeasure>100 מ'ל</UnitOfMeasure>
      <bIsWeighted>0</bIsWeighted>
      <QtyInPackage>לא ידוע</QtyInPackage>
      <ItemPrice>99.90</ItemPrice>
      <UnitOfMeasurePrice>0.13</UnitOfMeasurePrice>
      <AllowDiscount>1</AllowDiscount>
      <ItemStatus>2</ItemStatus>
    </Item>
    <Item>
      <PriceUpdateTime>2026-01-11T15:52:15.000</PriceUpdateTime>
      <ItemCode>5010494990300</ItemCode>
      <LastSaleDateTime>2026-01-29T18:18:29.000</LastSaleDateTime>
      <ItemType>1</ItemType>
      <ItemName>גלנמורנג'י אוריג'ינל</ItemName>
      <ManufactureName>לא ידוע</ManufactureName>
      <ManufactureCountry>לא ידוע</ManufactureCountry>
      <ManufactureItemDescription>גלנמורנג'י אוריג'ינל</ManufactureItemDescription>
      <UnitQty>מטרים</UnitQty>
      <Quantity>700.00</Quantity>
      <UnitOfMeasure>100 מ'ל</UnitOfMeasure>
      <bIsWeighted>0</bIsWeighted>
      <QtyInPackage>לא ידוע</QtyInPackage>
      <ItemPrice>129.90</ItemPrice>
      <UnitOfMeasurePrice>0.19</UnitOfMeasurePrice>
      <AllowDiscount>1</AllowDiscount>
      <ItemStatus/>
    </Item>
    <Item>
      <PriceUpdateTime>2026-01-12T14:02:13.000</PriceUpdateTime>
      <ItemCode>4066600601920</ItemCode>
      <LastSaleDateTime>2026-01-26T19:22:16.000</LastSaleDateTime>
      <ItemType>1</ItemType>
      <ItemName>פאולנר ביתר חיטה מעו</ItemName>
      <ManufactureName>לא ידוע</ManufactureName>
      <ManufactureCountry>לא ידוע</ManufactureCountry>
      <ManufactureItemDescription>פאולנר ביתר חיטה מעו</ManufactureItemDescription>
      <UnitQty>לא ידוע</UnitQty>
      <Quantity>500.00</Quantity>
      <UnitOfMeasure>100 מ"ל</UnitOfMeasure>
      <bIsWeighted>0</bIsWeighted>
      <QtyInPackage>לא ידוע</QtyInPackage>
      <ItemPrice>11.50</ItemPrice>
      <UnitOfMeasurePrice>0.02</UnitOfMeasurePrice>
      <AllowDiscount>1</AllowDiscount>
      <ItemStatus/>
    </Item>
    <Item>
      <PriceUpdateTime>2026-01-13T09:58:23.000</PriceUpdateTime>
      <ItemCode>4066600999614</ItemCode>
      <LastSaleDateTime>2026-01-21T22:17:13.000</LastSaleDateTime>
      <ItemType>1</ItemType>
      <ItemName>פאולנר 500 מל</ItemName>
      <ManufactureName>לא ידוע</ManufactureName>
      <ManufactureCountry>לא ידוע</ManufactureCountry>
      <ManufactureItemDescription>פאולנר 500 מל</ManufactureItemDescription>
      <UnitQty>לא ידוע</UnitQty>
      <Quantity>500.00</Quantity>
      <UnitOfMeasure>100 מ"ל</UnitOfMeasure>
      <bIsWeighted>0</bIsWeighted>
      <QtyInPackage>לא ידוע</QtyInPackage>
      <ItemPrice>12.90</ItemPrice>
      <UnitOfMeasurePrice>0.03</UnitOfMeasurePrice>
      <AllowDiscount>1</AllowDiscount>
      <ItemStatus/>
    </Item>
    <Item>
      <PriceUpdateTime>2026-01-15T12:11:36.000</PriceUpdateTime>
      <ItemCode>7290020285188</ItemCode>
      <LastSaleDateTime>2015-01-01T00:00:00.000</LastSaleDateTime>
      <ItemType>1</ItemType>
      <ItemName>יין ארץ קברנה פרנק ו</ItemName>
      <ManufactureName>לא ידוע</ManufactureName>
      <ManufactureCountry>לא ידוע</ManufactureCountry>
      <ManufactureItemDescription>יין ארץ קברנה פרנק ו</ManufactureItemDescription>
      <UnitQty>מטרים</UnitQty>
      <Quantity>750.00</Quantity>
      <UnitOfMeasure>100 מ'ל</UnitOfMeasure>
      <bIsWeighted>0</bIsWeighted>
      <QtyInPackage>לא ידוע</QtyInPackage>
      <ItemPrice>34.90</ItemPrice>
      <UnitOfMeasurePrice>0.05</UnitOfMeasurePrice>
      <AllowDiscount>1</AllowDiscount>
      <ItemStatus>2</ItemStatus>
    </Item>
    <Item>
      <PriceUpdateTime>2026-01-15T12:11:36.000</PriceUpdateTime>
      <ItemCode>5000267125046</ItemCode>
      <LastSaleDateTime>2015-01-01T00:00:00.000</LastSaleDateTime>
      <ItemType>1</ItemType>
      <ItemName>ווסקי בלייק לייבל 1</ItemName>
      <ManufactureName>לא ידוע</ManufactureName>
      <ManufactureCountry>לא ידוע</ManufactureCountry>
      <ManufactureItemDescription>ווסקי בלייק לייבל 1</ManufactureItemDescription>
      <UnitQty>יחידות</UnitQty>
      <Quantity>0.00</Quantity>
      <UnitOfMeasure>יחידה   </UnitOfMeasure>
      <bIsWeighted>0</bIsWeighted>
      <QtyInPackage>לא ידוע</QtyInPackage>
      <ItemPrice>139.90</ItemPrice>
      <UnitOfMeasurePrice>0.00</UnitOfMeasurePrice>
      <AllowDiscount>1</AllowDiscount>
      <ItemStatus>2</ItemStatus>
    </Item>
    <Item>
      <PriceUpdateTime>2026-01-15T12:11:36.000</PriceUpdateTime>
      <ItemCode>5000267197753</ItemCode>
      <LastSaleDateTime>2015-01-01T00:00:00.000</LastSaleDateTime>
      <ItemType>1</ItemType>
      <ItemName>ווסקי גולד לייבל  1</ItemName>
      <ManufactureName>לא ידוע</ManufactureName>
      <ManufactureCountry>לא ידוע</ManufactureCountry>
      <ManufactureItemDescription>ווסקי גולד לייבל  1</ManufactureItemDescription>
      <UnitQty>יחידות</UnitQty>
      <Quantity>0.00</Quantity>
      <UnitOfMeasure>יחידה   </UnitOfMeasure>
      <bIsWeighted>0</bIsWeighted>
      <QtyInPackage>לא ידוע</QtyInPackage>
      <ItemPrice>188.90</ItemPrice>
      <UnitOfMeasurePrice>0.00</UnitOfMeasurePrice>
      <AllowDiscount>1</AllowDiscount>
      <ItemStatus>2</ItemStatus>
    </Item>
    <Item>
      <PriceUpdateTime>2026-01-25T08:56:42.000</PriceUpdateTime>
      <ItemCode>7290014466890</ItemCode>
      <LastSaleDateTime>2015-01-01T00:00:00.000</LastSaleDateTime>
      <ItemType>1</ItemType>
      <ItemName>גמלא קברנה מרלו 750מ</ItemName>
      <ManufactureName>לא ידוע</ManufactureName>
      <ManufactureCountry>לא ידוע</ManufactureCountry>
      <ManufactureItemDescription>גמלא קברנה מרלו 750מ</ManufactureItemDescription>
      <UnitQty>מטרים</UnitQty>
      <Quantity>750.00</Quantity>
      <UnitOfMeasure>100 מ'ל</UnitOfMeasure>
      <bIsWeighted>0</bIsWeighted>
      <QtyInPackage>לא ידוע</QtyInPackage>
      <ItemPrice>58.90</ItemPrice>
      <UnitOfMeasurePrice>0.08</UnitOfMeasurePrice>
      <AllowDiscount>1</AllowDiscount>
      <ItemStatus>2</ItemStatus>
    </Item>
    <Item>
      <PriceUpdateTime>2026-01-27T13:36:03.000</PriceUpdateTime>
      <ItemCode>7290014503823</ItemCode>
      <LastSaleDateTime>2015-01-01T00:00:00.000</LastSaleDateTime>
      <ItemType>1</ItemType>
      <ItemName>יין כנען רוזה 750 מ'</ItemName>
      <ManufactureName>לא ידוע</ManufactureName>
      <ManufactureCountry>לא ידוע</ManufactureCountry>
      <ManufactureItemDescription>יין כנען רוזה 750 מ'</ManufactureItemDescription>
      <UnitQty>לא ידוע</UnitQty>
      <Quantity>750.00</Quantity>
      <UnitOfMeasure>100 מ"ל</UnitOfMeasure>
      <bIsWeighted>0</bIsWeighted>
      <QtyInPackage>לא ידוע</QtyInPackage>
      <ItemPrice>47.90</ItemPrice>
      <UnitOfMeasurePrice>0.06</UnitOfMeasurePrice>
      <AllowDiscount>1</AllowDiscount>
      <ItemStatus>2</ItemStatus>
    </Item>
  </Items>
</Root>